3396 5220
1317 483 1365 554 19

319 687 423 756 miuus
464 684 659 776 compressi,
700 701 741 752 eo
772 684 913 754 crassior
948 654 1033 754 iacta
1065 686 1117 752 est
1150 683 1268 756 lamina
1307 688 1364 756 ille

319 821 602 912 iithanthrecaria,
629 837 710 910 quac
736 838 757 888 e
782 819 944 890 contrario
963 821 1091 890 tenuior
1110 818 1195 890 iacta
1215 829 1363 918 apparet,

319 978 380 1046 quo
418 958 582 1026 tenuiores
615 952 744 1024 lucrant
780 956 881 1026 muno
911 958 1053 1048 parietes
1091 960 1124 1025 et
1140 985 1143 994 ¹
1157 977 1235 1046 qno,
1258 962 1363 1052 magis

319 1093 506 1183 compressi.

390 1229 542 1302 Attamen
574 1201 724 1334 exempla
762 1228 901 1298 caulium
937 1229 1012 1324 iila,
1053 1251 1140 1338 quae,
1172 1231 1206 1298 io
1242 1235 1363 1302 muscis

319 1368 487 1433 reservata
510 1362 675 1456 videmus,
707 1383 773 1432 non
802 1365 847 1434 ita
873 1371 948 1436 suunt
971 1370 1174 1458 comparata,
1201 1370 1238 1436 ut
1261 1369 1363 1478 lomi-4

320 1521 417 1592 nae„
440 1499 482 1572 de
508 1519 570 1589 qua
597 1498 683 1592 dixi,
721 1487 849 1568 habitus
879 1507 914 1570 et
949 1502 1031 1570 vera
1069 1501 1195 1572 indoles
1226 1503 1364 1596 intelligi

320 1637 439 1727 possit3
465 1656 539 1726 nam
560 1635 710 1726 exempla
735 1654 775 1702 ea
801 1638 921 1706 cortice
942 1637 1207 1724 lithantlrracario
1233 1641 1362 1710 omnino

323 1772 574 1840 destitutaesse
600 1769 768 1864 videntur,
794 1775 968 1862 propterea
994 1739 1256 1862 qnod'cohaesio
1280 1777 1363 1844 inter

322 1907 472 1975 laminam
509 1907 805 1975 lithanthrocariam
845 1911 878 1974 ct
917 1927 999 1996 quac
1037 1907 1165 1996 adjacet
1202 1909 1363 2001 lapideam

319 2021 460 2139 massam
492 2015 577 2110 talis
596 2047 663 2135 est,
703 2045 757 2134 ut,
799 2062 880 2132 quae
905 2043 1025 2133 explet
1060 2064 1232 2114 cavernam
1261 2048 1363 2115 caulis

320 2178 459 2248 mediam
495 2198 622 2271 massa,
654 2163 782 2247 facilins
814 2163 916 2269 possit
944 2180 992 2248 uti
1016 2179 1149 2246 nucleus
1175 2177 1364 2272 ‹lisJungio

319 2315 456 2405 lamina,
494 2334 588 2402 quam
618 2333 701 2402 quac
734 2317 902 2383 externam
933 2318 1005 2402 ejus
1038 2311 1154 2383 faciem
1180 2297 1364 2386 circumdat.

320 2429 500 2518 Rescrvari
538 2449 623 2518 solet
660 2449 848 2539 plerumque
877 2450 1028 2542 nucleus,
1064 2431 1128 2528 ⁸secl
1152 2427 1274 2522 fractus
1298 2473 1364 2522 una

321 2547 393 2654 euni
430 2583 539 2675 lapide
559 2583 773 2652 adhaerente·
798 2587 911 2654 cortex
944 2586 1048 2672 abjici.
1101 2585 1212 2673 Quare
1238 2589 1365 2656 irritum

321 2719 396 2810 quil
421 2719 478 2788 ille
504 2721 654 2811 suscipit,
688 2721 740 2809 qui
764 2717 815 2785 his
848 2721 881 2787 in
905 2719 1027 2788 nucleis
1058 2719 1144 2790 aliud
1170 2719 1243 2809 q'uid
1266 2723 1364 2792 inve-

320 2855 392 2924 nire¹
417 2859 461 2924 et·
474 2852 631 2946 detegere
655 2856 780 2947 cupiat,
812 2856 873 2922 nisi
899 2858 1045 2946 ectypam
1070 2856 1237 2958 calamitici
1262 2849 1364 2928 caulis

319 2993 477 3059 internam
505 2987 638 3084 sociem,
677 3008 866 3080 quamquam
896 2991 1037 3060 maxime
1051 2990 1211 3085 ¹fidelem,
1251 3001 1366 3064 caveat

320 3125 397 3218 ille',
435 3145 477 3194 ne
509 3125 602 3218 inde,
642 3125 727 3215 quoti
759 3129 870 3196 ottinet
898 3126 940 3194 ad
964 3127 1105 3195 habitum
1131 3107 1365 3201 Oulamiturum

321 3264 508 3353 externum,
533 3263 663 3330 nimium
682 3261 808 3352 probet.
848 3259 1211 3332 VerueOalamitarum
1228 3229 1366 3334 naturae

321 3397 537 3489 cognitionem
568 3399 620 3486 qui
646 3396 706 3466 sibi
735 3416 853 3487 parare
878 3398 981 3488 cupit,
1021 3417 1103 3487 opus
1135 3401 1185 3466 est
1206 3401 1243 3468 ut
1268 3398 1366 3486 oleat

321 3534 410 3624 ipses
435 3529 580 3624 fodinas,
619 3532 673 3602 nbi
706 3532 803 3625 larga
827 3534 920 3623 copia
946 3501 1186 3626 exemplorum,
1226 3555 1307 3625 quae
1333 3523 1366 3604 in

320 3669 442 3738 muscis
475 3655 642 3738 rarissimo
672 3672 728 3737 aut
759 3641 932 3760 nunquam
953 3672 1081 3762 extant,
1108 3673 1277 3760 'aptorum
1309 3675 1365 3742 in-

319 3805 501 3873 veniuntur.

400 3934 573 4032 Oetcrum,
603 3959 674 4010 cum
699 3940 839 4010 caulium
868 3937 1037 4034 exempla,
1077 3940 1190 4048 quitus
1215 3939 1366 4018 Gelensi-

322 4077 427 4142 tarum
452 4073 614 4145 structura
638 4077 763 4146 interna
782 4081 895 4168 aperte
914 4075 1171 4186 demonstrator,
1202 4079 1367 4147 rarissime

1112 4210 1160 4280 2*
