3396 5220
390 437 439 507 32

386 603 578 712 strucbnrem
603 643 734 714 minime
760 662 839 733 pree
866 664 903 714 se
919 641 1031 739 ieret,
1058 647 1262 722 litbenthraci
1291 656 1431 770 maxime

386 776 536 849 similem.

459 910 530 983 See
549 905 733 1006 priusquam
756 913 800 983 cd
819 914 902 1006 boec
923 909 1178 1008 experimento
1169 943 1239 1015 ipso
1263 943 1323 998 nos
1344 949 1428 1010 con-f

386 1055 587 1144 vertamus,
583 1069 697 1142 peuce
723 1054 833 1121 extant
858 1053 1108 1142 praemonendo.

459 1187 560 1257 Ante
577 1186 698 1256 omnin
721 1186 806 1282 enim
838 1179 1062 1260 demonstrare
1093 1197 1126 1262 et
1156 1196 1296 1284 probare
1319 1200 1424 1292 jnvnt,

385 1321 665 1422 decompositionis
694 1323 852 1392 rationem
885 1323 987 1413 qualis
1022 1327 1065 1394 sit
1089 1328 1143 1397 nbi
1167 1335 1245 1400 cire
1271 1331 1423 1426 admimo,

381 1459 549 1572 qualisque
576 1458 630 1526 ubi
657 1461 734 1525 obre
759 1463 884 1529 remoto
909 1460 1020 1550 plante
1044 1463 1249 1534 comburetur
1273 1472 1329 1536 sut
1358 1489 1424 1560 pu·

380 1597 514 1664 trescct.
565 1591 619 1662 Uti
650 1593 734 1661 enim
765 1595 922 1684 imprimis
954 1616 1037 1686 eque
1063 1600 1094 1665 et
1119 1599 1246 1696 ccidnm
1271 1605 1422 1674 cerboni-

381 1752 454 1802 enm
484 1726 616 1820 paratum
645 1728 699 1796 ubi
730 1728 842 1819 plenta
873 1728 1013 1801 ndmmso
1039 1736 1117 1803 cere
1142 1738 1198 1803 eut
1216 1740 1423 1827 ⁴comburitur

380 1871 437 1936 cut
472 1865 561 1936 lente
598 1865 770 1960 putrescit,
808 1864 855 1932 itn
887 1867 983 1934 etiem
1020 1871 1076 1936 ent
1114 1871 1331 1944 combustione
1365 1881 1422 1944 eut

379 2003 560 2094 plantarum
595 2000 810 2090 putrescentia
846 1989 900 2070 nbi
942 2006 1000 2070 cer
1037 2007 1181 2074 remotus
1220 2013 1270 2076 est
1307 2009 1421 2080 cedern

379 2136 614 2230 producentur,
653 2134 773 2204 scilicet
797 2127 1003 2206 Carboneum
1027 2139 1182 2229 imprimis
1205 2141 1420 2238 hydrogene-

378 2280 458 2345 tum.
510 2269 622 2362 Quae,
647 2289 720 2338 cum
739 2269 803 2338 aiio
830 2270 904 2340 loco
917 2263 964 2363 ¹¹)
990 2272 1181 2346 haedere
1207 2280 1336 2350 uberius
1349 2286 1419 2372 jem

364 2383 603 2498 disseruerim,
629 2404 681 2475 bic
701 2406 984 2502 praetermittenda
1003 2414 1108 2479 munt·

358 2519 365 2529 ⁸
454 2540 559 2612 Porro
578 2542 679 2612 verbe
699 2538 847 2611 faciende
866 2547 941 2612 sunt
961 2543 1003 2612 de
1021 2545 1204 2620 conditione
1223 2549 1298 2645 illc,
1325 2571 1418 2642 quem

374 2686 410 2750 et
421 2682 460 2748 ¹in
478 2680 705 2770 experimentis
724 2680 805 2747 meis
824 2677 891 2747 dixi
910 2684 944 2748 ct
960 2680 1018 2751 illo
1035 2685 1193 2779 tempore,
1213 2707 1275 2777 quo
1294 2687 1416 2756 lithan-

372 2818 503 2886 tbrcccs
533 2812 664 2884 iormcti
696 2816 776 2906 sint,
815 2816 982 2903 conjicere*
1005 2816 1096 2888 lubet
1125 2822 1299 2892 exercitum
1327 2843 1414 2916 esse,

375 2955 492 3043 quippe
516 2948 558 3018 de
583 2941 823 3039 compressione
843 2970 981 3043 magm,
1009 2965 1103 3040 quum
1127 2954 1160 3022 in
1184 2953 1413 3048 litbcntbrnces

372 3087 518 3160 exhibuit
549 3089 731 3176 superjecto
762 3075 879 3156 limoso
910 3105 1036 3179 messe,
1081 3107 1143 3178 qun
1173 3093 1413 3181 compressione

267 3223 270 3228 ’
371 3226 553 3318 plsnterum
577 3220 857 3342 decompositionis
881 3220 1040 3312 producte
1061 3215 1160 3294 fluide
1177 3230 1212 3296 et
1232 3229 1330 3296 seres
1346 3230 1414 3297 im·

370 3362 483 3456 pedite
520 3361 612 3451 sunt,
645 3357 829 3468 quominus
865 3357 968 3428 libere
1007 3359 1206 3433 secederent.
1257 3361 1413 3456 Magnum

371 3499 456 3572 enim
479 3495 581 3566 fuisse
602 3494 874 3585 compressionem
892 3512 987 3566 nemo
1008 3492 1171 3590 dubitabit,
1199 3496 1252 3585 qui
1272 3500 1412 3590 exempli

270 3723 272 3728 ,
369 3633 496 3726 grube,
530 3634 566 3698 nt
591 3627 656 3696 ulie
679 3628 948 3722 proetermIttem,
980 3629 1104 3700 caules·
1117 3629 1235 3700 viderit
1259 3633 1410 3704 arborum

353 3766 509 3836 *maxime
537 3782 761 3858 compressos,
787 3786 867 3854 qnos
892 3765 1080 3856 saepissime
1106 3765 1140 3834 in
1165 3765 1230 3836 illis
1255 3788 1411 3840 saxorum

371 3953 579 3970 -ffl———fl

412 4098 415 4106 ·
438 4063 460 4128 ¹)
477 4059 521 4118 ci.
539 4059 668 4132 Gecbogie
684 4075 745 4130 peg.
764 4059 814 4116 173
829 4077 887 4132 sqq.
1024 4087 1028 4094 =

1673 2 1681 436 ¹
