3396 5220
1316 476 1365 548 35

322 683 425 775 eninr,
457 699 568 774 quam,
595 697 677 768 quae
702 696 807 772 gaaea
831 681 865 746 et
892 677 1011 767 liquida
1035 678 1189 769 producta
1216 689 1308 753 arant
1333 687 1366 782 et

322 819 355 886 in
379 833 533 909 vaporem
558 835 676 908 uersa,
716 813 908 906 effecerunt,
941 818 1032 884 tanta
1057 813 1134 908 init,
1173 821 1209 885 ιιι
1234 818 1367 893 cochlea

322 957 458 1023 extensa
483 953 538 1020 vel
564 953 658 1042 rupta
684 955 789 1038 major
807 950 862 1019 vel
887 933 1117 1038 minorff‘exitus
1136 952 1219 1021 inter
1237 954 1366 1042 pyxidis

323 1088 503 1180 marginem
542 1091 575 1156 et
614 1085 799 1176 operculum
835 1085 1029 1180 aperiretur.
1079 1084 1174 1172 Quae
1211 1108 1283 1157 aum
1300 1100 1303 1108 ’
1322 1091 1365 1157 ita

323 1227 449 1314 essent,
489 1223 742 1312 experimentum
769 1221 835 1290 alio
862 1219 959 1298 modo
980 1227 1207 1312 praeparatum
1233 1227 1300 1315 est,
1329 1227 1365 1292 'et

324 1361 369 1427 ita
395 1357 537 1450 quidem,
577 1360 614 1425 nt
638 1375 776 1447 eor-pora
801 1356 858 1424 illa
882 1375 1020 1448 gaeaa,·
1040 1373 1122 1445 que
1142 1357 1363 1427 vehementis·

323 1496 404 1570 aime
434 1495 622 1584 appeterent
654 1492 807 1585 exitum,.
828 1491 1007 1560 drmiasime
1037 1495 1281 1594 coercerentur3
1325 1515 1364 1562 ae

323 1629 455 1698 drmitn
480 1649 540 1721 ea,
564 1648 616 1698 ne
641 1629 674 1696 in
700 1628 773 1697 sola
798 1627 1002 1702 aoehlearum
1027 1609 1196 1698 teneritate
1222 1636 1256 1700 et
1280 1649 1363 1700 oon-

321 1765 438 1834 atantia
462 1767 655 1856 poneretur,
682 1763 764 1832 cavi.

392 1900 538 1970 Foveam
572 1901 672 1994 eninr·
690 1899 722 1966 in
754 1918 836 1992 agro
854 1900 908 1994 ab
932 1899 1013 1992 urbe
1038 1903 1162 1970 remoto
1188 1898 1363 1990 parandam
1412 1927 1415 1933 ¹
1442 1985 1444 1990 Ι

322 2038 433 2107 euravi
464 2037 543 2104 aetia
574 2013 733 2127 umplona,
771 2033 872 2124 pedes
905 2038 938 2122 et
968 2034 1067 2102 latam
1102 2040 1135 2104 et
1171 2033 1363 2126 profundam

322 2176 474 2264 quatrror,
501 2189 623 2260 sexque
647 2171 792 2261 longam.
843 2167 916 2242 Hae
940 2172 973 2237 in
999 2167 1106 2286 fovea¹
1121 2169 1202 2240 duaa
1226 2191 1363 2262 magnas

211 2379 214 2386 ,
311 2329 344 2378 e
369 2305 459 2377 ferro
487 2303 562 2376 ineo
587 2303 690 2373 faunu
714 2305 841 2374 tabulae
867 2303 909 2372 ad
933 2297 1194 2396 perpendiculum
1217 2309 1267 2402 itav
1288 2307 1361 2376 col-

321 2444 445 2534 locavi,
474 2445 510 2511 ιιι
535 2438 707 2530 pyxidibus
732 2439 797 2508 illie
822 2439 914 2508 inter¹
930 2461 968 2512 ao
994 2440 1361 2534 disjungerentur‚·puo

321 2575 532 2668 factumest,
560 2580 613 2668 ut,
642 2595 713 2644 eum
739 2575 940 2644 una'tabula
965 2573 1082 2652 foveae¹
1107 2577 1262 2668 parietem
1283 2581 1361 2645 tan-
1474 2669 1477 2674 A

321 2716 435 2806 geret,
473 2710 577 2780 altera
601 2708 682 2779 duos
709 2707 781 2814 iere
807 2709 907 2800 pedes
932 2716 1057 2780 remota
1078 2717 1166 2782 esset
1191 2713 1230 2780 ab
1256 2712 1360 2780 altero

321 2845 439 2935 foveae
458 2847 598 2937 pariet03
624 2847 759 2935 spatium
780 2819 866 2936 qnod
882 2837 1017 2918 vaenum
1043 2850 1176 2942 restitit,
1202 2847 1361 2938 lapidibus

321 2947 485 3073 expletum
514 2985 566 3050 est
596 2979 707 3052 datura
726 2982 873 3073 ingente
906 2983 1083 3078 immissis„
1104 2982 1216 3084 ,ouon
1249 2984 1360 3050 attinet

321 3117 362 3220 ad
387 3115 544 3208 pyxides,
578 3136 635 3184 eae
659 3117 704 3185 ita
723 3099 885 3216 dispoeui,
925 3123 960 3186 ut
981 3117 1176 3188 horizontali
1201 3120 1362 3211 positione

319 3252 458 3322 medinm
476 3254 622 3320 tenerent
638 3250 722 3321 inter
735 3256 900 3341 utramque
916 3253 1057 3321 tabulam
1068 3254 1194 3344 loeum3
1224 3272 1357 3322 aarum·

320 3409 381 3478 que
400 3357 503 3456 ¹fundi
533 3407 616 3456 ornus
649 3385 796 3456 dextram
821 3393 855 3457 et
878 3379 963 3455 alter
987 3389 1148 3468 sinistram
1177 3384 1357 3478 ferrearum

317 3524 496 3592 tabularum
525 3525 720 3613 tetigerunt,
759 3522 912 3611 opercula
937 3527 1043 3591 antem
1076 3543 1114 3591 ae
1139 3495 1356 3612 adapeierunt

317 3679 424 3727 masaa
443 3656 579 3747 quadam
597 3655 677 3726 ferri
695 3659 781 3726 aussi
804 3659 989 3750 interjecta,
1018 3677 1080 3748 qua
1098 3646 1353 3750 impeditaaunt,
1459 3657 1461 3660 ’

317 3815 378 3882 quo
403 3796 508 3864 mnus
533 3813 570 3861 ae
594 3769 784 3884 tangerent
829 3791 924 3879 Quod
942 3791 1065 3862 serrum
1083 3795 1167 3862 inter
1185 3796 1352 3886 utrumque

315 3929 501 4018 operantum¹
525 3913 711 4020 poneretur,
737 3925 770 3996 id
784 3947 835 4010 eo
861 3928 993 3998 oonsilio
1019 3948 1040 3995 a
1062 3919 1250 3997 medactum
1278 3946 1351 3996 esse
1413 3985 1415 3990 ,

315 4081 425 4134 onrnea
446 4047 644 4157 intelligent,
669 4067 705 4134 ιιι
724 4043 830 4158 tarro,
856 4062 940 4154 qnod
958 4064 1010 4134 ubi
1037 4061 1199 4158 ierveaeat
1218 4035 1350 4134 extend·

1079 4199 1102 4268 3
1115 4206 1131 4250 ι
