3396 5220
1325 466 1375 537 ot

326 671 382 758 rel
408 681 517 738 massa
542 668 659 761 nigra,
685 669 791 737 mindo
817 665 1004 760 splendida,
1031 668 1173 758 perbene
1199 673 1308 763 coeto,
1335 669 1378 740 ad

325 803 490 874 dimidiam
516 802 589 875 lere
621 804 757 874 ambitus
783 807 908 895 partem
944 824 1006 893 quo
1032 804 1158 897 lignum
1183 827 1278 876 usum
1303 811 1375 876 erat

325 940 478 1034 reducta,
515 941 655 1013 minimis
680 939 881 1010 solummodo
909 939 1061 1009 vesionlis
1087 941 1238 1035 repleta,
1277 939 1375 1033 pond.

325 1098 414 1169 speo.
436 1077 480 1170 1,
509 1065 578 1170 18,
604 1079 692 1146 omni
711 1077 864 1168 organica
885 1060 1047 1146 structura
1068 1077 1217 1148 absolute
1236 1079 1376 1169 privata.

327 1271 331 1276 .
369 1295 372 1301 Ι
403 1211 547 1283 Effectus
573 1216 700 1306 autem,
732 1221 845 1306 quem,
875 1211 961 1303 quod
986 1214 1140 1296 attineret
1165 1211 1208 1281 ad
1233 1212 1376 1283 halitum

329 1351 517 1442 externum,
543 1351 589 1417 uti
617 1349 756 1439 exempli
779 1339 888 1441 grain
909 1318 956 1416 ad
979 1351 1192 1441 stmsturam,
1222 1346 1372 1440 formam,

326 1484 483 1576 eolorem,
509 1482 695 1574 pondus'et
719 1489 801 1574 quae
825 1487 899 1554 nant
918 1484 1060 1575 reliqua,
1086 1485 1243 1575 triplieem
1268 1482 1372 1553 fuisse

323 1624 394 1708 jam
417 1618 573 1712 vidimus,
606 1619 747 1690 ohemioa
777 1623 811 1689 ot
840 1618 1059 1710 disquisitione
1080 1619 1224 1712 adhibita
1250 1619 1371 1710 triplex
1406 1599 1408 1606 ’

327 1755 499 1846 apparuit:
538 1753 623 1845 quod
661 1756 745 1823 enim
777 1753 1047 1846 deoompositione
1085 1755 1159 1836 illo¹
1182 1753 1371 1846 productum

324 1894 414 1984 erat,
441 1889 474 1959 id
499 1889 713 1960 destillatione
737 1911 830 1980 quam
850 1889 994 1962 Ohemioi
1018 1890 1126 1961 dieunt
1150 1892 1265 1968 niceam
1284 1888 1371 1958 laeta

325 2026 382 2095 vel
406 2013 611 2096 Oarioneum
640 2047 756 2116 purum
783 2045 857 2095 esso
882 2029 1045 2118 cognitum
1071 2030 1141 2119 est,
1171 2028 1226 2096 vel
1252 2025 1369 2095 destil-

326 2162 447 2258 latione
472 2161 529 2230 illa
561 2162 602 2230 ab
629 2181 669 2231 oo
700 2167 858 2250 sejuncta.
874 2166 924 2230 est
948 2159 1191 2254 picioliquidae
1221 2164 1254 2229 et
1278 2157 1370 2230 Oar-

326 2298 422 2368 bonei
445 2295 663 2388 hydroganati
684 2299 805 2389 exiguo
823 2300 998 2390 quantitas,
1026 2297 1081 2367 vel
1102 2296 1230 2366 omnino
1251 2298 1369 2364 inven-

326 2438 395 2503 tum
428 2436 483 2502 ‘est
520 2454 592 2501 oum
628 2432 844 2504 lithantlrraoe
879 2455 1076 2526 congruum,
1114 2431 1268 2522 imprimis
1298 2451 1370 2500 oum

326 2571 425 2661 larga
451 2565 614 2638 Carbonoi
644 2568 862 2662 hydrogenati
895 2573 987 2661 eopia
1011 2567 1085 2638 inde
1111 2569 1220 2658 parari
1245 2569 1369 2658 posset,

327 2710 361 2774 et
392 2703 550 2773 dammam
579 2706 718 2773 maxime
749 2703 934 2798 fulgentem
956 2711 990 2776 et
1016 2701 1216 2796 splendidam
1245 2699 1369 2793 ederet,

327 2842 381 2909 ubi
407 2838 647 2909 aooenderetur.
754 2883 773 2908 1.
847 2895 849 2902 .

324 3011 328 3018 ·
404 2975 584 3067 Effeotum,
611 2995 705 3065 quem
728 2977 865 3065 primum
889 2975 1156 3069 commemorari,
1182 2975 1370 3066 plerumque

328 3113 516 3202 observavi,
553 3112 608 3178 ubi
641 3111 723 3202 ligni
756 3109 1060 3200 decompositionem
1091 3110 1247 3201 perficere
1272 3127 1371 3198 erasus

327 3253 417 3318 eram
430 3245 519 3314 ferro
532 3243 702 3334 liquefacto
716 3244 920 3338 circumfuso,
942 3223 973 3313 et
990 3245 1162 3337 interdum,
1179 3246 1233 3314 ubi
1246 3245 1372 3336 lignum

327 3382 565 3472 deoomponere
590 3363 731 3473 pyxide,
754 3385 865 3468 ,eujus
897 3381 1084 3470 opereulum
1117 3400 1182 3449 non
1206 3382 1285 3448 satis
1310 3378 1371 3447 fir·

328 3523 448 3588 matum
473 3520 564 3608 erat,
591 3517 748 3592 clausum.
800 3514 1191 3606 Quaedeoompositione
1212 3513 1371 3606 produeta

324 3660 421 3725 erant
446 3657 549 3747 gasea
574 3657 711 3742 o'orpora
736 3655 774 3720 et
788 3649 899 3744 liuida,
927 3653 960 3720 in
986 3657 1096 3722 adrem
1121 3650 1235 3722 eodem
1260 3649 1370 3743 modo,

329 3811 390 3879 quo
416 3792 449 3858 in
475 3789 682 3879 carbonaria,
708 3789 866 3857 abierunt.

405 3923 568 4017 Effectum,
595 3944 689 4014 quem
712 3924 817 3999 altero
842 3923 916 3994 looo
941 3922 1069 4016 notari,
1095 3921 1166 3992 iere
1191 3942 1320 4012 semper
1338 3923 1370 3990 in

329 4063 533 4151 conspectum
558 4061 665 4154 venit,
702 4061 755 4130 uli
786 4060 910 4152 lignum
942 4057 1114 4151 pyxidibus
1137 4057 1281 4128 elausum
1306 4055 1369 4124 de-
