3396 5220
373 458 420 526 16

447 660 510 730 Ubi
539 662 654 729 autem·
672 657 903 734 calamitatum
934 660 1043 730 caules
1075 661 1145 730 vel·
1161 658 1344 754 fragmenta
1368 665 1412 730 ita

341 855 342 860 ,
371 801 404 866 in
428 797 595 866 arenaceis
622 796 708 888 illis,
739 817 820 885 quae
845 799 1113 890 commemoravi,
1146 801 1254 866 stratis
1281 801 1410 867 inveni-

369 937 478 1026 untur,
503 938 539 1002 ut
558 934 631 1012 axis
656 933 792 1004 caulium
817 933 1056 1040 lungitudinalis
1075 955 1146 1021 cum
1164 936 1271 1004 stratis
1288 937 1410 1003 rectum

370 1068 489 1149 formet
510 1069 664 1161 angulum
687 1037 760 1138 ie.
785 1072 880 1138 situm
905 1071 1022 1139 habeat
1050 1073 1208 1163 erectum,
1233 1068 1410 1138 iliaelsunt

219 1282 221 1286 ,
369 1206 422 1276 liic
452 1205 518 1274 illic
556 1209 700 1275 internae
736 1207 875 1298 vestigia
891 1271 895 1278 ,
913 1210 1093 1276 structurae
1103 1231 1117 1300 3
1157 1195 1331 1295 quibusque
1367 1204 1409 1274 ad

368 1346 560 1410 structuram
580 1339 812 1414 calamitatum
833 1341 915 1413 lianc
934 1340 1212 1411 demonstrandam
1236 1362 1315 1410 usus
1337 1362 1408 1410 sum

348 1479 545 1569 exemplis,
581 1497 622 1544 ee
652 1477 760 1554 inveni
794 1479 937 1547 caulibus
972 1480 1104 1570 erectis,
1144 1497 1330 1567 quamquam
1355 1497 1417 1546 me

369 1615 532 1680 rarissime
555 1610 657 1682 luisse
682 1621 748 1684 tam
767 1611 912 1707 felicem,
938 1619 973 1683 ut
997 1633 1145 1704 caperem
1164 1614 1314 1704 exempla
1336 1614 1406 1706 illa,

369 1767 450 1836 quae
480 1751 515 1816 in
543 1739 661 1826 'tabulis
698 1752 778 1858 meis
817 1769 910 1839 quam
948 1749 1185 1820 accuratissime
1216 1735 1406 1818 delineanda

367 1885 494 1978 curavi,
514 1892 635 1956 notare
658 1885 745 1955 licet.
853 1937 860 1947 .

441 2021 496 2090 Ex
523 2021 580 2114 iis,
606 2006 693 2111 vqnare
713 2027 849 2112 jamjam
874 2025 1030 2116 exposui,
1059 2042 1174 2114 causa,
1200 2043 1257 2091 cnr
1282 2022 1407 2088 interna

368 2159 507 2234 caulium
536 2155 766 2229 Calamitarum
790 2159 919 2228 illerum
943 2163 1102 2228 structura
1129 2159 1174 2226 ita
1199 2158 1241 2225 sit
1265 2159 1405 2249 integra,

367 2293 519 2365 facillime
541 2295 679 2388 intelligi
698 2298 816 2386 potest.
869 2293 992 2366 Gaules
1017 2295 1101 2364 enim
1126 2311 1266 2385 snpeme
1291 2292 1406 2383 repleti

368 2435 442 2502 sunt
479 2451 586 2499 massa
624 2451 783 2516 arenacea
814 2432 870 2504 uel
899 2431 1191 2524 argilla-limosa,
1230 2448 1407 2518 cenamque

368 2589 479 2646 omnes
510 2588 669 2638 cauernae
700 2573 733 2638 ct
757 2567 864 2647 media
893 2574 999 2657 major
1022 2573 1057 2637 et
1083 2568 1225 2636 minores
1248 2565 1405 2658 periphe-
1439 2641 1442 2648 ,

366 2709 455 2784 ricae
479 2707 607 2776 omnino
633 2705 799 2800 dilectae,
833 2727 894 2797 quc
908 2705 1027 2798 vfracto,
1054 2724 1149 2795 quum
1173 2707 1287 2794 postea
1311 2703 1406 2772 nimis

367 2839 617 2929 superacervatc
643 2842 719 2908 limo
745 2840 900 2909 inferiora
921 2844 1042 2930 strata,
1068 2844 1104 2906 nt
1118 2805 1223 2924 supra
1234 2836 1403 2925 jamclixi,

367 2957 678 3064 comprimerentur,
716 2992 819 3062 neque
856 2975 971 3040 mutari
1002 2971 1104 3059 potuit
1134 2967 1257 3058 lcrma,
1293 2968 1337 3033 ita
1368 2970 1402 3034 ut

366 3107 507 3179 rotunda·
528 3106 631 3175 caulis
659 3108 848 3176 seatio-nun
871 3103 964 3174 fieret
990 3073 1132 3195 oblonga
1157 3103 1227 3171 sive
1251 3101 1402 3193 elliptica,

366 3243 492 3337 qualem
527 3245 561 3312 in
597 3244 740 3314 caulibus
757 3241 905 3348 ¹vidimus
937 3241 1132 3313 horizontali
1163 3237 1259 3309 molo
1291 3236 1404 3330 positis

338 3347 341 3354 ,
367 3380 432 3478 (alt
449 3383 513 3452 tab.
527 3367 593 3474 111,
619 3379 676 3475 fig.
690 3380 715 3450 6
728 3385 761 3450 et
772 3379 829 3474 fig.
847 3375 912 3473 7),
939 3378 998 3450 scel
1016 3376 1185 3448 rotundam
1201 3377 1309 3468 potius
1327 3371 1403 3443 sur-

364 3542 448 3590 mam
474 3521 644 3611 retineret,
670 3537 773 3608 neque
796 3519 922 3609 penitus
947 3514 1050 3585 deleri
1071 3495 1197 3582 interna
1219 3514 1391 3618 structura.

441 3651 650 3746 compressio
683 3673 723 3722 ea
748 3653 911 3723 verticalis
943 3653 1070 3721 cinninc
1101 3649 1220 3739 effecit,
1253 3649 1310 3737 ut,
1349 3645 1404 3714 ubi

263 3782 274 3796 ⁸
365 3813 430 3863 nen
454 3793 534 3862 satis
555 3789 689 3859 densum
708 3787 770 3859 luit
793 3794 826 3859 et
849 3788 991 3880 lirmrrm,
1018 3788 1060 3854 ibi
1086 3785 1189 3853 abiret
1212 3780 1313 3850 mulis
1337 3800 1403 3872 pa·

364 3927 557 4020 renalyma3
586 3946 648 4016 quo
673 3923 761 3998 lacte
786 3946 852 3996 nen
877 3926 983 3995 solum
1008 3920 1158 4012 imprimis
1183 3920 1334 4008 separata
1353 3920 1404 3984 est

364 4065 536 4158 epidermis
554 4067 587 4134 et
605 4063 744 4134 anicula
771 4082 794 4130 a
815 4062 938 4152 reliquo
966 4058 1079 4154 caule,
1094 4055 1156 4162 ,cui
1181 4052 1280 4125 affixa
1297 4050 1404 4122 inerat
