3396 5220
340 472 390 542 36

340 679 482 770 constat,
517 643 672 766 operculo
696 673 837 767 firmius,
871 693 965 764 quom
995 674 1028 748 id
1053 675 1194 747 ooolrleis
1209 677 1289 748 ueri
1319 699 1385 771 po·

341 815 464 905 tuerat,
508 804 746 882 olouderentur.
812 809 907 898 Quae
942 815 1111 905 postquam
1150 814 1273 884 omnia·
1299 813 1387 886 faeta

341 951 453 1040 erent,
479 947 556 1040 igne
575 949 740 1037 supposito
760 947 885 1040 lignum
902 949 935 1015 in
954 951 1089 1038 utraque
1108 949 1229 1040 pyxide
1249 948 1384 1019 decons

342 1085 481 1173 positum
505 1085 566 1152 est.
615 1082 691 1152 ldoo
712 1085 964 1174 experimentum
983 1083 1085 1154 semel
1105 1087 1228 1153 tantum
1253 1087 1386 1154 institui

420 1219 568 1309 Denique
598 1222 705 1288 autem
739 1217 826 1288 houd
851 1215 983 1289 silentio
1004 1219 1288 1310 praetermittenda
1310 1223 1387 1288 sunt

345 1355 403 1422 illa
427 1357 671 1447 arpennem,-
692 1355 806 1445 quibus
823 1355 949 1447 lignum
970 1352 1060 1424 terro
1079 1354 1163 1444 quod
1181 1353 1386 1446 liquefactum

346 1493 416 1557 erat
447 1489 639 1572 eiroumdato
667 1466 904 1581 decomponere
935 1492 1067 1560 tentavi.
1118 1490 1212 1584 Etsi,
1251 1490 1324 1562 fore
1352 1492 1388 1561 ut

345 1624 407 1693 hae
430 1604 581 1696 methodo
606 1625 750 1693 multum.
768 1627 933 1719 lucrarer,
959 1630 1240 1720 exspectaveram,
1278 1634 1386 1698 tumen

348 1779 391 1830 ex
411 1757 636 1850 experimentis
654 1761 752 1829 uicies
779 1765 812 1829 et
835 1762 923 1833 ultro
948 1763 1095 1852 repetitis
1120 1781 1162 1830 no
1185 1762 1287 1832 ullum
1311 1762 1386 1850 qui·

346 1893 421 1962 dem
440 1896 563 1964 luorum
589 1893 669 1987 ieci,
694 1897 776 1984 ¹quio
807 1897 890 1988 ligni
916 1896 1145 1986 decompositio
1171 1901 1205 1965 et
1230 1917 1295 1966 uno
1314 1916 1387 1965 oum

348 2049 389 2098 eo
408 2051 580 2122 corporum
599 2050 780 2123 geseorum
800 2033 904 2100 subita
923 2032 1109 2123 evaporatio
1131 2050 1258 2121 semper
1279 2031 1387 2100 iocum

347 2165 475 2260 hebuit,
509 2171 679 2258 antequam
711 2165 834 2236 serrum
866 2163 1091 2237 oiroumiusunr
1123 2169 1273 2258 potuerat
1301 2165 1387 2235 soli·

347 2299 492 2372 deseere.
545 2301 656 2391 Quare
679 2305 807 2374 omnino
836 2323 877 2372 ee
906 2283 1096 2396 tacuissem,
1126 2304 1189 2372 nisi
1217 2302 1270 2370 tris
1294 2322 1387 2372 oom-

347 2437 564 2516 memorandis
588 2439 666 2508 mihi
686 2439 793 2509 oblata
808 2439 900 2509 esset
920 2439 1046 2510 oeensio
1066 2440 1205 2508 maxime
1224 2440 1389 2528 exoptata,

348 2580 385 2645 ut
409 2576 533 2666 gratias
563 2595 698 2667 agerem
723 2573 864 2646 Domino
887 2574 1008 2644 Libero
1036 2573 1158 2644 Baroni
1190 2572 1231 2644 de
1257 2572 1388 2665 Burgi,

348 2712 464 2801 quippe
487 2714 539 2802 qui
565 2731 689 2780 summu
712 2731 784 2781 eum
803 2711 1000 2782 humanItate
1020 2714 1054 2779 et
1072 2709 1263 2778 liberalitate
1282 2729 1389 2799 expe·

348 2847 485 2916 rimente
502 2868 576 2916 mea
599 2848 738 2939 adjuvit,
765 2867 870 2938 eaque
895 2851 932 2915 ut
955 2848 989 2914 in
1008 2843 1136 2915 officina
1160 2845 1282 2935 ipsius,
1308 2861 1389 2931 quoe

348 3001 452 3072 prope
477 2979 693 3073 Potsohappel
724 2984 757 3050 in
780 2982 860 3051 valli
889 2980 1054 3052 Plaviensi
1079 2978 1191 3070 floret,
1227 2975 1307 3046 terri
1329 2975 1388 3046 fu-

348 3119 437 3186 soria
462 3117 671 3211 instituerem,
697 3119 825 3186 veniam
850 3115 949 3186 dedit.

422 3253 581 3346 Omnium,
609 3273 691 3344 quoe
709 3251 795 3322 ioota
815 3253 880 3324 siut
901 3253 1133 3344 experimenta,
1160 3249 1308 3320 etieetum
1326 3251 1390 3318 tri-

348 3391 464 3481 plicem
486 3390 589 3460 tuisse
614 3389 675 3458 diei
695 3393 818 3480 potesta
844 3388 899 3458 vel
916 3389 1071 3457 remansit
1092 3387 1189 3455 oarbo
1204 3387 1269 3456 sub
1287 3384 1393 3455 forms

349 3528 449 3620 ligni,
473 3527 507 3596 in
533 3547 595 3616 quo
621 3527 777 3617 organiou
802 3527 962 3594 stmoturo
987 3523 1081 3593 oeulo
1102 3524 1280 3590 armatoet
1297 3522 1391 3588 inur-

349 3666 435 3731 moto
460 3662 600 3751 eonspioi
643 3663 763 3752 potuit3
804 3660 862 3730 uel
901 3659 1053 3728 remansit
1089 3677 1199 3726 marso
1229 3655 1329 3746 nigre
1361 3659 1394 3721 et

349 3794 534 3888 splendido,
572 3798 654 3864 bene
687 3799 797 3887 eoem,
836 3795 934 3865 trullis
958 3795 1132 3882 majoribus
1160 3796 1194 3860 et
1218 3790 1394 3859 minoribus

348 3932 522 4002 innumeris
562 3931 704 4023 repleta,
751 3949 833 4020 aqua
875 3903 1041 4021 paululum
1077 3929 1202 4020 levior,
1245 3923 1395 4017 vestigiis

349 4070 524 4164 organione
561 4068 643 4161 ligni
680 4069 858 4137 structurae
896 4065 948 4136 trie
980 4070 1013 4134 et
1043 4063 1110 4134 illio
1137 4083 1213 4135 roro
1241 4063 1396 4155 insignia
