3396 5220
345 472 392 542 18

343 676 594 771 longitudinales
621 653 815 743 alnnrmit'er
842 669 1051 743 'eurv'atae'ae
1075 676 1270 762 verticaliter
1290 699 1384 749 eom·-

342 836 473 907 presaas
497 833 570 882 esse
594 815 707 904 aperte
730 810 948 880 demonstrant
973 807 1078 904 (Tul.
1098 811 1129 880 ll
1149 811 1205 903 fig.
1228 806 1359 906 lx*).

418 949 610 1040 Priusquam
627 951 710 1018 libro
728 947 769 1016 de
781 944 951 1018 calamitis
972 946 1068 1016 finem
1089 951 1261 1043 imponam,
1281 972 1385 1041 pauca

343 1087 458 1156 addam
497 1087 598 1155 verba
642 1084 684 1153 de
721 1083 986 1153 lithanlhraoaria
1017 1084 1144 1152 'lamina
1180 1104 1241 1154 seu
1276 1090 1385 1177 petius

342 1224 462 1293 eortina
492 1207 616 1314 nigre,
655 1241 717 1309 quo
747 1211 791 1287 ex
825 1221 895 1309 ipsa
922 1216 1104 1290 calamitae
1134 1220 1385 1310 parenehymate

343 1364 434 1451 erte,
459 1363 529 1446 jam
554 1377 664 1426 erasae
688 1360 760 1443 Jam
785 1357 892 1447 tenid,
919 1375 1031 1425 omnes
1051 1355 1188 1434 vidimus
1213 1357 1385 1427 instruatur

343 1515 417 1564 mse
441 1490 678 1584 calamitatum
706 1489 831 1561 aaulea.
882 1491 935 1562 lle
973 1491 1101 1583 origine
1139 1497 1225 1580 ejus¹
1248 1493 1384 1563 dubitari

341 1653 407 1700 non
425 1631 551 1720 petest,
577 1629 768 1718 praesertim
790 1646 886 1715 quum
905 1633 982 1715 apto
1002 1629 1151 1717 exemplo
1172 1626 1246 1698 datu
1266 1631 1385 1699 obser-r

342 1786 423 1838 vare
460 1765 580 1855 lieeat‚'
623 1761 801 1854 quomode,
844 1765 1010 1852 postquami
1047 1764 1173 1831 interna
1212 1766 1316 1834 mulia
1352 1771 1385 1834 et

342 1907 478 1972 externa
498 1897 694 1989 ¹superficies
731 1898 790 1966 sibi
827 1896 979 1968 admotam
1010 1903 1120 1990 erant,
1159 1889 1278 1968 sensim
1302 1922 1385 1971 sen-

342 2042 464 2129 simque
495 2036 684 2105 evanuerint
714 2034 845 2102 annales
871 2033 947 2103 illae
978 2054 1039 2124 per
1063 2033 1294 2126 longitudinem
1318 2055 1384 2126 pa-

341 2172 558 2264 renehymatia
583 2169 801 2240 decurrentes.
852 2169 937 2238 'l'ale
960 2172 1070 2239 autem
1096 2169 1278 2261 exemplum
1297 2169 1384 2242 deli-

341 2309 511 2404 neandum
527 2307 637 2376 curavi
662 2305 746 2373 'l'alu
768 2305 802 2374 11
826 2304 883 2397 fig.
907 2305 950 2398 2,
976 2305 1081 2400 unde,
1108 2327 1190 2396 quae
1209 2311 1280 2396 jam
1305 2307 1384 2401 dlxi,

342 2448 422 2514 satia
447 2443 536 2513 clare
561 2461 602 2510 ea
629 2439 767 2510 elucent.
819 2440 856 2510 ld
878 2443 1067 2534 exemplum
1094 2449 1283 2514 transverse
1311 2419 1384 2514 dia-

341 2586 463 2652 aeatum
490 2581 540 2646 est
565 2578 605 2646 ab
631 2576 747 2647 eedem
772 2579 884 2671 caule,
919 2578 961 2647 ad
991 2600 1085 2668 quem
1108 2581 1264 2674 alterum,
1298 2582 1384 2672 quel

340 2713 478 2788 vidimus
503 2715 624 2783 'lani
650 2716 850 2807 exemplum,
876 2716 1033 2807 pertinet3
1059 2721 1266 2806 utrumque·
1291 2720 1385 2789 mule

340 2854 397 2922 illo
418 2850 521 2918 dirimi
537 2851 623 2934 jussi
640 2827 878 2938 intercapedine
896 2853 991 2918 trium
1010 2849 1195 2939 digitorum.
1231 2851 1384 2942 Exempli

339 2986 404 3055 mei
427 2983 563 3052 eireulua
589 2979 660 3050 fere
678 2983 793 3071 ulique
816 2979 911 3076 adeat
928 2982 1114 3075 eontinumv,
1151 2985 1247 3076 nigro
1271 2986 1383 3056 colore

338 3121 492 3213 insignia,
535 3121 628 3206 eujus
666 3137 745 3207 quaa
770 3117 830 3186 sul
859 3116 909 3185 lit.
935 3115 1096 3186 lividere
1125 3119 1202 3189 lieet
1232 3120 1286 3191 lrie
1316 3123 1383 3196 illie

340 3259 524 3346 interJeetaa
544 3253 635 3323 aller
654 3255 783 3346 parter,
808 3271 869 3322 eae
888 3253 979 3346 vola,
1005 3273 1092 3343 quae
1111 3259 1252 3350 restant,
1274 3277 1382 3328 enna-

339 3396 417 3464 lium
442 3393 582 3483 vestigia
599 3394 693 3482 aunt3
718 3395 814 3480 atque
834 3387 1007 3461 intervalla
1027 3392 1085 3462 rub
1105 3392 1154 3461 lit.
1173 3395 1185 3462 i
1209 3397 1382 3486 eonapiena

338 3549 403 3599 nnn
421 3530 482 3598 nial
499 3547 654 3596 vanarum
673 3523 780 3596 sannen
802 3530 894 3619 aunt,
921 3526 1173 3618 parenelrymate
1191 3525 1380 3623 dilacerato,

338 3663 467 3734 divulsi.
518 3659 669 3752 lntegroa
686 3679 839 3730 vanormn
864 3659 971 3732 furer
995 3659 1145 3731 aanlerre
1164 3664 1278 3734 attinet
1295 3663 1379 3736 nal.

336 3799 385 3869 lll
407 3795 465 3890 lig.
484 3786 554 3864 8¹⁵.
582 3817 585 3824 ¹

411 3932 485 4021 Qun
512 3929 709 4022 mirrea,
741 3934 911 4021 antequam
942 3935 1053 4007 nutat
1078 3937 1171 4002 erant
1195 3936 1229 4006 in
1255 3935 1379 4007 lithan-

332 4071 493 4161 thracem,
531 4065 699 4136 eaiamitiai
738 4065 838 4136 raulia
878 4067 1019 4159 parietes
1058 4067 1206 4164 fuerant,
1246 4079 1280 4145 et
1315 4095 1377 4164 que
