3396 5220
314 661 424 726 terrae
451 656 578 745 stratis,
606 655 836 744 arberearum,
863 653 1003 744 primus,
1038 653 1071 718 ni
1098 649 1214 743 fallor,
1242 651 1356 741 dispu-

314 795 395 860 tavit
433 790 474 859 de
509 789 743 866 ‚Calamitarum
781 790 906 858 interna
946 791 1116 886 structura.
1168 788 1199 856 n}
1237 805 1356 878 magne

314 929 497 1017 plantarum
521 923 773 1016 petrefactarum
800 944 934 995 numere
960 944 1038 1013 quas
1064 924 1213 1014 elegerat
1232 922 1356 1013 plures,

315 1083 372 1130 cas
391 1060 589 1134 Galamiteas
602 1053 648 1153 *)
678 1064 824 1153 vocavit,
856 1075 976 1150 easque
990 1080 1064 1128 'non
1089 1060 1150 1126 nisi
1176 1055 1356 1127 Calamitas

316 1217 389 1267 esse
414 1198 552 1288 probare
578 1193 711 1272 conatus
738 1201 806 1287 est3
839 1201 871 1265 et
897 1194 968 1265 fere
992 1197 1168 1284 ubicunque
1189 1193 1229 1262 de
1248 1190 1356 1262 Octa·

314 1334 399 1401 mitis
424 1334 463 1400 atr
489 1333 553 1402 alic
580 1331 747 1402 disseritur
760 1324 852 1424 **),
879 1335 1015 1414 citantur
1043 1332 1119 1422 illa,
1151 1349 1232 1418 quae
1259 1326 1357 1400 Getta

315 1465 394 1536 dixit
419 1471 451 1536 et
477 1466 666 1561 delineavit,
690 1470 806 1558 quippe
831 1487 925 1557 quum
947 1469 1075 1558 primus.
1094 1470 1127 1534 ct
1148 1467 1238 1536 solus
1257 1471 1355 1558 esset,

314 1607 367 1694 qui
392 1604 433 1672 dc
458 1625 495 1672 re
521 1606 666 1692 quaesita
691 1605 820 1672 uberius
847 1604 974 1693 scripsit
1000 1607 1032 1670 ct
1056 1603 1247 1671 accuratius.

387 1739 480 1827 Quae
499 1759 580 1808 cum.
598 1740 642 1806 ita
667 1741 749 1832 sint,
776 1760 843 1808 nen
865 1741 979 1807 mirum
998 1737 1101 1808 videri
1121 1741 1245 1829 petest,
1273 1737 1358 1827 qued

314 1877 494 1946 novissimis
513 1877 728 1967 temporibus,
753 1875 849 1944 nulla.
868 1875 977 1944 habita
1003 1875 1126 1943 ratione
1147 1872 1357 1943 similitudinis

314 2013 401 2080 illius
428 2015 583 2081 externae
607 2013 691 2082 inter
716 2009 912 2081 Calamitam
939 2015 971 2078 et
996 2011 1202 2102 Equlsetum,
1229 2012 1357 2079 sclum-

314 2147 410 2217 mcdc
445 2155 593 2238 respectu
632 2151 811 2216 structurae
844 2146 1007 2239 internae,
1047 2144 1227 2217 calamitae
1260 2147 1357 2235 plane

316 2286 407 2370 ejecti
432 2288 505 2352 sunt
531 2304 573 2350 ex
598 2282 824 2372 Equisetcrum
851 2282 993 2374 familia,
1020 2303 1099 2371 quos
1119 2282 1203 2350 atius
1231 2282 1274 2348 ali
1300 2279 1356 2348 f-

316 2419 425 2486 miliac
451 2417 636 2510 adscripsit,
681 2400 825 2508 aliusque
849 2439 969 2489 nevum
984 2417 1237 2492 'Calamitarum
1252 2437 1357 2508 genus

316 2551 484 2646 formavit,
504 2554 549 2624 ita
569 2562 605 2624 ut
625 2575 667 2623 ex
683 2556 835 2646 spinione
853 2555 1062 2644 plurimorum
1080 2556 1223 2622 virorum
1242 2552 1357 2621 decto-

316 2709 388 2756 rum
420 2690 492 2758 sub·
510 2687 678 2759 calamitis
721 2688 951 2782 intelligendae
986 2694 1096 2757 essent
1128 2689 1277 2778 plantae,
1315 2706 1357 2752 nc

315 2823 441 2896 cuidam
461 2823 587 2913 quidem
611 2825 791 2915 plantarum
813 2824 909 2906 hodie
929 2824 1103 2894 inventum
1123 2821 1247 2890 affines.
1286 2821 1357 2888 lm-

315 2961 425 3050 primis
439 2959 537 3031 Getta
557 2961 630 3030 huic
652 2962 793 3052 opinioni
812 2983 885 3030 esse
906 2960 1033 3030 videtur
1058 2949 1356 3050 propensus***),

317 3098 409 3184 eique
448 3099 575 3168 cmninc
607 3096 750 3166 adsensit
780 3097 932 3189 Ungerus
945 3094 1011 3189 †),
1052 3099 1102 3166 cui
1141 3094 1357 3186 fragmentum

302 3229 518 3318 ¹Calamitcae
543 3234 675 3300 strictae
700 3253 720 3298 a
745 3231 845 3326 Getta
872 3236 942 3323 ipsc
969 3230 1225 3322 investigandum
1250 3228 1356 3297 tradi-

316 3371 382 3434 tum
403 3371 484 3434 crat.

382 3681 407 3746 *)
426 3663 599 3760 &scotta
615 3679 633 3734 l.
651 3697 674 3732 c.
692 3695 753 3750 pag.
768 3676 802 3732 67
815 3695 874 3748 sqq.
891 3679 944 3735 tab.
962 3677 1041 3743 XIV;
1058 3677 1125 3743 XV;
1145 3692 1206 3748 pag.
1224 3675 1258 3730 86
1270 3693 1326 3746 sqq.

339 3845 341 3853 ¹
383 3784 425 3850 **)
443 3783 487 3838 ct.
506 3781 615 3854 exernpli
634 3781 720 3850 gratia
734 3781 879 3846 Brenn,
901 3781 1018 3837 Lethaea
1041 3779 1224 3851 gecgnestica,
1244 3779 1311 3834 Tem
1330 3780 1354 3844 1,

315 3884 374 3938 rra·
392 3869 435 3926 2⁰·
978 3927 982 3934 .

383 3970 437 4036 ***)
464 3969 508 4024 ct.
527 3966 637 4026 (totta
653 3968 671 4026 Ι.
689 3985 712 4022 c.
727 3983 787 4038 pag.
800 3965 842 4021 87.

382 4073 414 4138 †)
441 4071 670 4142 enumeres
688 4069 706 4126 t.
724 4088 748 4126 c.
