3396 5220
317 457 341 523 6

316 661 408 743 licet,
439 659 512 746 quia
538 657 580 724 ad
607 660 785 726 accuratius
812 655 1021 726 deliniendam
1047 661 1080 724 et
1105 655 1364 748 cognoscendam

319 792 490 884 familiam,
530 795 580 860 cui
619 792 682 861 lrae
711 795 844 894 plantae
874 789 961 862 sorte
993 791 1253 862 adnumerandae
1288 795 1362 883 sint,

320 929 399 998 nihil
418 933 566 1019 superest
586 929 646 996 nisi
666 931 807 998 exterior
824 928 963 1021 hattus,
989 928 1210 1016 nquisetacats
1223 929 1364 1006 maxime

321 1065 442 1132 similis.
495 1063 580 1131 Nam
606 1063 689 1152 quod
713 1067 825 1133 attinet
852 1063 892 1132 ad
913 1062 1143 1134 calamitatum
1165 1063 1363 1156 magnitudi-

320 1221 413 1291 nem,
440 1221 501 1288 qua
520 1199 675 1289 Equiseta
699 1205 811 1269 nostra
836 1201 969 1269 multum
994 1204 1206 1292 superantur,
1234 1221 1274 1269 ea
1299 1221 1364 1269 non

321 1340 403 1404 mira
423 1335 569 1426 videtur,
597 1357 691 1428 quum
716 1337 895 1426 permultae
920 1337 1007 1404 aliae
1032 1356 1087 1404 res
1106 1340 1280 1427 testentur,
1307 1337 1364 1404 illo

322 1478 487 1562 tempore,
532 1491 593 1558 quo
627 1469 809 1541 calamitae
843 1491 907 1540 una
939 1493 1011 1541 cum
1035 1471 1189 1540 litlicibus
1220 1472 1365 1542 arboreis

323 1607 456 1695 aliisquo
481 1608 596 1696 plantis
621 1607 743 1676 Florae
777 1609 957 1698 primitivae
986 1607 1156 1697 florerent,
1194 1606 1274 1674 alias
1301 1605 1365 1674 ad-

324 1741 426 1810 fuisse
463 1741 679 1838 conditiones,
719 1746 834 1835 quippo
871 1745 1068 1835 vegetationi
1106 1743 1294 1810 luxuriosae
1332 1746 1365 1808 at

324 1881 499 1969 giganteae
510 1877 716 1970 commodas,
742 1882 788 1947 uti
801 1880 940 1968 exempli
952 1880 1059 1970 gratia
1071 1877 1213 1946 calorem
1226 1881 1364 1968 auctum,

324 2010 534 2083 humidiorem
560 2019 687 2106 atram,
726 2020 882 2104 majorem
906 2015 1112 2104 quantitatem
1137 2011 1220 2081 acidi
1245 2013 1365 2080 carbo-

325 2153 386 2218 nici
413 2156 446 2218 et
469 2153 515 2219 sic
535 2142 705 2242 porro·*).

402 2285 496 2378 lllrgo
523 2287 651 2356 habitus
678 2294 831 2357 externus
856 2285 972 2355 horum
997 2284 1152 2375 caulium,
1179 2285 1232 2373 qui
1256 2285 1288 2352 in
1308 2304 1365 2352 ar-

325 2422 431 2490 ticulis
464 2426 496 2490 et
529 2424 614 2490 striis
655 2412 940 2515 longitndinalibus
977 2423 1118 2492 cernitur
1131 2411 1225 2512 aa),
1270 2435 1369 2489 causa

326 2555 397 2649 suit,
424 2557 510 2648 qnod
532 2579 634 2648 usque
653 2558 695 2628 ad
717 2559 968 2629 recentissimum
983 2561 1108 2649 tempus
1127 2554 1266 2626 affinitas
1285 2558 1370 2638 inter

327 2691 505 2768 Galamitas
539 2700 572 2764 et
608 2695 797 2786 Equisotum
834 2694 906 2776 sero
939 2696 979 2763 ab
1012 2695 1157 2764 omnibns
1188 2712 1308 2784 magna
1337 2697 1371 2762 et

326 2833 415 2896 carta
440 2831 622 2898 existimata
648 2836 716 2920 ast,
747 2852 934 2918 quamquam
959 2830 1078 2896 hancce
1104 2826 1289 2894 affinitatem
1314 2829 1369 2894 in·-

327 2962 507 3053 dagationis
534 2985 596 3053 opa
628 2966 774 3033 internae
804 2967 828 3034 i.
855 2984 886 3032 e.
912 2961 1111 3030 anatomicac
1135 2957 1370 3030 calamitatum

328 3102 506 3168 structurae
532 3119 644 3166 veram
668 3100 808 3188 probare
833 3118 898 3167 non
923 3099 1106 3187 potuerunt.

403 3232 503 3304 Ootta
528 3233 690 3327 denique‚'
725 3238 777 3324 qui
810 3236 844 3304 in
874 3246 973 3325 opera
1008 3253 1067 3301 suo
1104 3233 1183 3300 tatis
1214 3235 1291 3300 noto
1328 3230 1369 3300 de

326 3373 492 3442 arboribus
506 3374 538 3442 in
554 3371 694 3462 lapidem
710 3373 839 3444 mutatis
859 3391 979 3462 magno
1000 3389 1072 3438 oum
1090 3368 1235 3438 virorum
1253 3366 1370 3437 docto·

327 3531 397 3577 rum
437 3509 595 3598 applausu
633 3509 806 3578 clariorem
843 3506 982 3576 reddare
1020 3503 1140 3576 studuit
1178 3508 1370 3574 structuram

329 3644 486 3710 internam
513 3643 641 3712 illarum
660 3645 886 3734 reliquiarum,
913 3659 997 3732 quae
1023 3638 1173 3728 sepulcra
1199 3638 1318 3708 habent
1336 3640 1370 3708 in

393 3911 416 3974 ⁸)
443 3908 485 3964 Cf.
505 3905 674 3976 Gaaloghrn,
693 3923 769 3978 qnam
786 3903 896 3976 scripti,
914 3921 975 3976 pag.
993 3903 1028 3960 59
1044 3921 1103 3974 nqq.

395 3997 429 4059 ¹⁹)
458 3993 526 4047 Vide
552 3994 672 4060 tabulas,
710 4010 777 4064 quaa
804 3991 925 4061 operibns
950 3989 1190 4062 §toraholth
1216 3988 1370 4056 Brenni,

327 4079 541 4140 Bueldlnnall
558 4078 719 4150 aliorumque
736 4076 842 4132 additae
859 4083 928 4134 aunt.
974 4073 976 4082 '
