3396 5220
1289 469 1335 538 11

296 695 410 768 mergo
444 679 609 766 septorum
635 678 668 742 et
692 675 836 742 intemns
863 679 897 744 et
921 676 1074 741 externus
1100 675 1227 744 omnino
1254 653 1339 742 ‹ten-

295 818 394 884 tstns.
408 814 553 902 apparet.
605 807 700 895 Quod
725 811 770 877 ite
797 813 864 904 est,
904 827 1035 878 eausam
1059 810 1088 876 si
1112 809 1258 902 quoeris,
1284 811 1339 908 in-
1406 823 1410 830 ·

293 949 447 1040 telliges‚
473 947 546 1015 aliis
572 942 805 1016 calamitatum
831 943 974 1014 oeulibus
999 948 1075 1034 apte
1099 947 1339 1038 pervestigotis,

296 1084 409 1152 dentes
435 1083 512 1151 illos
542 1081 620 1149 nihil
646 1081 733 1150 eliud
759 1083 823 1150 nisi
851 1081 991 1172 vestigio
1020 1100 1093 1149 esse
1116 1080 1204 1148 telee
1229 1081 1337 1150 oelln-

296 1220 388 1288 losue
428 1223 465 1286 et
505 1237 657 1287 vasorum
695 1215 841 1310 iasoinrn.
900 1213 1051 1287 vellaus
1090 1216 1178 1306 ipsus
1215 1215 1339 1286 videbis

297 1353 381 1422 'Fun
401 1353 435 1422 11
453 1352 511 1445 fig.
536 1352 571 1422 1.
596 1352 635 1446 d,
674 1351 759 1422 intro
784 1351 882 1423 valde
912 1352 1119 1444 conspicuus,
1159 1370 1202 1420 nx
1227 1352 1339 1442 quibus

298 1490 487 1582 outimrlom,
521 1508 602 1578 quoe
627 1507 726 1580 supro
750 1489 909 1558 internum
935 1488 1036 1557 euntis
1062 1485 1176 1558 faeiem
1206 1492 1341 1557 extenso

298 1623 414 1718 inerit,
442 1629 587 1716 opertum
607 1630 657 1695 est
676 1624 869 1696 constitisse.
920 1624 1034 1714 Neque
1053 1623 1166 1693 oeulos
1186 1623 1341 1716 effugient

299 1761 412 1830 tentes
443 1765 537 1830 extre
568 1761 680 1854 positi,
716 1760 802 1830 unde
840 1761 1007 1848 oonjioies‚
1046 1765 1079 1828 et
1113 1763 1208 1828 extre
1238 1758 1341 1830 fuisso

298 1898 396 1968 telum
421 1897 629 1989 oeitnlossm‚
664 1916 726 1987 qun
761 1895 933 1987 epitomis
971 1892 1077 1988 (infre
1096 1894 1136 1966 de
1156 1915 1196 1964 en
1214 1891 1338 1988 diuum)

299 2054 371 2104 eum
397 2034 521 2124 reliquo
547 2033 649 2103 oeulis
673 2032 922 2123 perenohymete
946 2036 1114 2120 eonjunoto
1138 2031 1247 2101 inerit.

374 2169 500 2239 Deinde
525 2190 592 2240 non
617 2168 899 2259 praetermittenda
924 2175 1078 2260 ennoea,
1104 2188 1185 2256 quae
1203 2167 1255 2237 hio
1272 2168 1341 2238 illio

299 2308 333 2374 in
350 2283 554 2396 eonspeotum
578 2306 710 2377 veniunt
734 2307 768 2373 in
792 2307 862 2395 ipse
886 2309 1050 2395 septorum
1075 2323 1193 2372 masse
1246 2303 1341 2391 Quae

300 2460 396 2528 quum
419 2444 512 2538 septe
536 2440 633 2530 nigro
657 2443 840 2530 suspiooror
862 2460 943 2508 vass
968 2459 1042 2508 esse
1061 2445 1094 2510 et
1110 2441 1208 2509 telam
1231 2441 1339 2510 oellu-

299 2575 404 2644 lossrn
424 2545 462 2643 in
490 2573 735 2644 lithenthreoern
760 2595 876 2668 verse,
912 2557 1072 2664 inquirere
1096 2595 1161 2646 non
1187 2574 1338 2667 dubitavi,

301 2730 344 2778 en
369 2730 482 2779 eorum
506 2714 666 2780 restarent
686 2712 836 2802 vestigio.
887 2710 933 2780 nt
950 2710 1069 2778 oertior
1091 2709 1133 2778 de
1150 2709 1202 2779 tris
1221 2731 1341 2780 revere

301 2845 405 2915 iaetus
416 2866 506 2937 snm3
533 2845 678 2936 quodque
695 2847 894 2936 inquisitione
913 2865 987 2913 mee
999 2848 1031 2913 in
1045 2850 1190 2936 opertum
1208 2846 1345 2940 prodiit.

300 2981 334 3051 id
358 2983 442 3050 nan.
461 2981 510 3052 111
534 2980 591 3073 fig.
617 2973 682 3050 8*
707 2981 933 3064 delineandnm
957 2975 1084 3052 orrrovi.¹

376 3107 524 3208 lienique
546 3121 661 3188 notere
685 3120 814 3211 attinet,
839 3139 905 3188 non
930 3119 1000 3192 sine
1025 3139 1124 3188 oense
1142 3118 1258 3189 edesse
1282 3120 1338 3188 vi·-

300 3253 371 3324 deri
387 3252 546 3323 foramine
564 3253 624 3348 ille
648 3251 974 3345 sere-triongnleriu‚
993 3273 1082 3342 quoe
1107 3254 1158 3322 hio
1182 3223 1253 3322 sive
1271 3254 1338 3324 illie

301 3387 511 3458 animadverti
535 3388 659 3480 possint
684 3355 716 3458 in
743 3389 813 3470 basi
841 3386 1050 3477 quorumdem
1074 3392 1237 3478 septorum
1263 3391 1337 3482 rito,

300 3527 415 3616 quippe
453 3527 486 3592 in
524 3542 564 3592 eo
601 3528 766 3614 septorum
800 3528 912 3616 perte,
939 3541 1053 3616 queo,
1096 3524 1135 3592 si'
1154 3527 1340 3594 transverse

301 3661 467 3732 discissum
498 3659 635 3751 edspiois
666 3660 809 3752 caulem,
847 3666 991 3732 nentrum
1014 3663 1138 3749 spentot
1175 3657 1340 3753 (naun

300 3795 353 3889 fig.
375 3797 411 3865 1.
434 3815 464 3865 e.
479 3791 544 3889 e).
596 3795 688 3882 Quae
711 3794 784 3884 qnid
809 3795 869 3864 sibi
885 3795 1004 3888 velint,
1029 3792 1113 3864 inira
1136 3796 1314 3868 videamus.

376 3933 483 4021 Atque
514 3952 558 4000 ex
591 3931 641 4000 tris
674 3933 836 4023 omnibns,
852 3957 856 3966 ·
875 3949 957 4022 quoe
973 3931 1154 4024 enarravi,
1195 3935 1340 4026 vestigiis

301 4065 462 4152 oonjioere
487 4087 548 4156 per
573 4072 641 4160 est,
676 4063 876 4160 Celemnae,
909 4087 1004 4158 quum
1029 4069 1172 4159 viveret,
1201 4068 1340 4138 habiturn
