3396 5220
1325 479 1350 546 9

305 691 478 762 anemine
505 688 669 777 hucusque
699 686 846 754 inventus
872 687 922 752 est
952 681 1148 777 calamites,
1177 689 1268 771 cujus
1296 685 1351 751 in-

307 833 401 896 terna
426 829 587 895 structura
610 820 763 913 cognosci
787 821 901 912 putuit,
926 823 994 887 tum
1019 821 1092 908 quia
1116 819 1235 888 haecce
1259 825 1354 890 stru·

305 969 400 1033 ctura
430 965 557 1030 interna
588 959 664 1026 talis
695 959 762 1047 est,
796 960 832 1026 ut
856 953 996 1025 affinitas
1022 953 1257 1026 calamitatum
1280 976 1352 1024 cum

308 1097 535 1188 liquisctaceis
556 1114 639 1163 nunc
663 1093 841 1162 viventibus
856 1090 947 1176 inde,
967 1093 1045 1160 satis
1072 1094 1238 1184 appareat.
1337 1117 1340 1124 ’

361 1273 369 1286 ”
388 1281 441 1351 lle
465 1284 627 1352 structura
652 1279 759 1344 autem
784 1265 910 1344 interna
930 1273 1163 1347 Calamitarum
1189 1296 1271 1367 quae
1291 1279 1354 1347 cb-

311 1419 461 1508 servavi,
499 1436 539 1484 ea
572 1436 614 1483 ex
640 1411 843 1502 sequentibus
868 1412 947 1478 sutis
973 1411 1213 1506 intelligentur,
1252 1435 1355 1505 neque

311 1527 431 1624 inutilis
457 1552 520 1621 crit
543 1548 740 1640 tabularum,
768 1535 1000 1660 quas-allidi,
1027 1553 1226 1640 conspectum,

387 1735 515 1804 'l'abula
547 1733 564 1802 1
597 1733 691 1803 offert
721 1732 890 1822 verissima
932 1730 1039 1802 forma
1071 1703 1356 1810 lithantlrr'acariu·

312 1875 453 1941 arenarii
479 1868 715 1962 fragmentum,
742 1890 803 1958 quc
830 1867 1013 1940 calamitae
1040 1870 1140 1958 caulis
1165 1843 1357 1963 continetur,

312 2012 404 2096 cujus
430 2005 472 2074 ‹le
498 2008 624 2094 interna
650 2008 811 2077 structura
836 2010 872 2075 ut
897 2006 1014 2074 melius
1040 2004 1208 2092 dijudicari
1231 2015 1356 2098 posset,

314 2164 388 2214 eum
420 2146 608 2212 transverse
639 2139 862 2246 dissecandum
896 2143 1019 2210 curavi.
1073 2140 1145 2228 Quo
1176 2139 1261 2244 lactc
1287 2142 1357 2212 eir·-

313 2278 420 2351 culum
441 2277 611 2346 observavi
630 2276 845 2370 irregularem
871 2296 946 2345 esse
966 2279 1081 2368 quippe
1105 2276 1270 2369 paululum
1295 2277 1359 2345 ob-

314 2414 469 2504 longum,
508 2410 664 2480 diametro
696 2415 823 2497 majore
861 2418 998 2501 quatuor
1037 2417 1071 2481 et
1106 2383 1231 2482 minure
1263 2413 1359 2482 trium
1390 2459 1392 2464 .

316 2547 508 2640 digitorum,
530 2548 684 2616 circulum
699 2548 802 2637 ipsum
821 2553 958 2638 quatuor
978 2548 1033 2616 vel
1053 2569 1113 2617 sex
1129 2550 1234 2616 lineas
1245 2549 1360 2617 latrum.

301 2681 392 2774 ‚viui
424 2703 498 2751 eum
528 2701 636 2754 massa
669 2699 840 2770 arenacca.
857 2651 1086 2750 circumdatum
1114 2701 1187 2750 esse
1217 2686 1250 2749 ct
1276 2683 1362 2750 intra

317 2821 350 2896 et
375 2825 482 2890 extra.

393 2987 445 3057 Ac
464 2986 581 3057 circulo
609 2985 666 3056 illc
693 2989 871 3057 accuratius
891 2947 1112 3081 pervestigata
1134 2989 1259 3082 inveni,
1286 3009 1361 3059 eum

316 3128 465 3193 constare
490 3142 533 3220 cn
557 3121 656 3192 XLII
680 3124 841 3215 partibus,
869 3145 951 3224 quac
976 3145 1079 3215 neque
1104 3121 1242 3195 lcrmam
1257 3147 1360 3216 neque

316 3261 472 3328 culurem,
485 3277 564 3346 prae
591 3277 628 3325 se
648 3254 755 3326 lerant
779 3259 926 3327 similem.
979 3260 1108 3328 Adesse
1130 3259 1219 3328 XXI
1237 3265 1364 3354 partus,¹

317 3412 400 3484 quac
425 3411 534 3463 massa
557 3392 708 3482 cxpletac
735 3394 799 3463 sint
830 3361 1005 3481 menecea,
1046 3391 1117 3462 lere
1148 3393 1302 3465 rotundas
1330 3400 1363 3462 et

316 3546 433 3621 amaa,
460 3527 663 3616 reliquasque
689 3525 778 3595 XXl
810 3529 923 3620 nigras
949 3531 982 3597 in
1006 3528 1253 3603 lithantlrracem
1279 3551 1364 3600 ver·-

317 3686 396 3734 sas:
434 3665 560 3756 positas·
587 3683 661 3732 esse
692 3663 739 3730 ita
770 3664 853 3731 inter
885 3684 923 3732 se
957 3683 1031 3756 eas,
1068 3668 1103 3733 ut
1129 3684 1228 3734 canae
1257 3666 1362 3758 nigris

317 3803 408 3890 quasi
438 3800 539 3890 septis
564 3798 660 3889 plane
685 3798 915 3869 circumclusae
934 3798 1121 3893 videantur,
1154 3821 1215 3891 quo
1241 3800 1361 3874 lactum

318 3952 393 4002 esse
417 3939 590 4027 appareat,
631 3939 667 4004 ut
699 3937 865 4026 nigrarum
889 3938 1026 4026 partium
1051 3933 1177 4030 turma,
1216 3937 1363 4026 rutundis

319 4068 384 4137 illis
399 4073 431 4137 ct
446 4070 534 4137 canis
551 4069 593 4138 au
610 4077 778 4160 utrumque
798 4072 883 4141 latus
902 4072 1086 4164 collocatis,
1106 4069 1150 4140 ita
1165 4037 1251 4151 Ι
1269 4093 1363 4146 com.-
