3396 5220
1291 453 1338 524 15

293 670 350 736 pst
375 683 455 734 sane
482 661 593 751 copia,
626 659 721 725 utin
746 654 933 746 armicolis,x
952 657 1004 743 qui
1027 657 1255 728 viamducuut
1281 680 1340 750 per

301 823 415 871 saxum
440 796 520 867 illud
545 812 754 884 ateramum,
786 811 881 860 nemo
910 790 1082 884 procedat,
1122 797 1196 882 quin
1222 797 1341 866 multos

301 936 534 1008 calamitatum
566 931 676 999 caules
701 892 876 1019 parietibus
908 926 1016 996 videat
1044 929 1169 999 insitos.
1220 932 1282 1002 llis
1308 937 1339 1002 iu

301 1071 475 1162 cuniculis,
504 1069 558 1137 ubi
582 1086 736 1134 saxorum
750 1069 863 1132 strate
888 1041 1016 1132 omuino
1041 1064 1074 1131 in
1102 1053 1232 1155 planam
1257 1091 1339 1159 por-

302 1211 399 1276 rocta-
416 1212 507 1297 suut,
537 1204 656 1296 optimc
681 1201 793 1274 vidore
813 1201 905 1292 licet,
931 1220 1016 1290 quae
1037 1201 1101 1272 sint
1124 1203 1207 1270 iuter
1233 1202 1339 1274 Oula-

303 1345 449 1413 mitarum
467 1342 578 1412 caules
603 1343 636 1406 et
657 1339 746 1406 'saxa'
765 1335 973 1407 conditiones.
1025 1336 1149 1409 caules
1168 1335 1251 1406 euim
1271 1339 1343 1410 tere

304 1499 368 1548 uou
393 1479 454 1544 nisi
479 1479 525 1547 ita
550 1477 693 1552 iuvenies
718 1494 792 1542 esse
813 1474 954 1567 positos,
980 1478 1015 1542 ut
1037 1477 1108 1542 axis
1130 1495 1243 1545 eorum
1263 1477 1342 1546 lou-

305 1612 490 1705 gitudiualis
504 1611 652 1703 eundem,
675 1629 736 1699 quo
757 1629 909 1690 saxorum
927 1613 1028 1676 strata
1047 1609 1201 1704 gaudent,
1226 1612 1342 1680 habeat

304 1749 398 1818 situm
428 1751 450 1816 i.
475 1768 506 1816 e.
540 1747 793 1836 horizontalem3
836 1765 897 1835 quo
930 1744 983 1839 fit,
1022 1750 1057 1814 ut
1082 1747 1274 1854 plerumque
1309 1750 1342 1816 iu

304 1889 507 1975 conspectum
539 1885 648 1952 veniat
686 1881 841 1950 dissectus
869 1885 1055 1954 transverso
1091 1884 1212 1976 caulis,
1231 1961 1232 1966 ,
1252 1890 1343 1972 cujus

305 2021 488 2111 peripheria
506 2018 757 2113 pprenclrym'ate
779 2019 815 2085 in
839 1991 1085 2088 litlrauthracem
1108 2024 1228 2088 mutato
1247 2022 1343 2112 nigra

305 2162 453 2248 apparet,
479 2153 688 2244 atque'facile
708 2153 845 2222 discerni
864 2155 971 2244 potest
994 2155 1045 2230 ab,
1058 2152 1164 2222 albida
1189 2176 1343 2224 saxorum

306 2313 431 2383 massa,
472 2311 565 2379 ,quae
602 2291 727 2359 caulem
766 2290 877 2380 explet
915 2297 949 2362 et
985 2259 1107 2381 cingit
1164 2289 1344 2362 Rarissime

307 2431 415 2494 autem
444 2426 526 2494 haec
543 2425 648 2494 ‘sectio
675 2425 843 2506 rotundam
867 2423 1003 2494 sormam
1028 2446 1108 2515 prae
1135 2447 1173 2495 se
1197 2426 1261 2496 fert
1291 2425 1345 2519 (id

308 2561 392 2651 quod
415 2565 549 2650 propter
569 2559 801 2630 calamitosum
827 2561 929 2628 caulis
954 2565 1100 2634 naturam
1126 2566 1196 2629 erat
1222 2581 1345 2652 exspe-

308 2693 494 2787 ctandum),
534 2695 593 2764 scd
624 2695 753 2786 ssaepiu
775 2716 971 2786 ,compressa
1009 2701 1059 2763 est
1091 2700 1123 2764 at
1156 2697 1216 2765 tali
1246 2699 1345 2766 utitur

308 2831 433 2924 forma,
459 2831 585 2920 qualem
603 2832 686 2900 l'ab.
705 2831 753 2900 lIl
771 2831 829 2923 fig.
851 2831 875 2899 6
890 2832 956 2901 ati
981 2830 1203 2904 delineandam
1221 2835 1345 2904 curavi.

308 2969 415 3057 Atque
456 2969 510 3036 ubi
539 2969 698 3058 ‘exempla
737 2968 792 3036 ita·
815 2989 852 3037 se
889 2968 1024 3061 habeut,
1062 2969 1106 3036 ibi
1143 2969 1265 3039 nullum
1296 2976 1346 3040 est

308 3109 486 3172 structurae
510 3104 655 3172 internae
680 3104 780 3172 caulis
804 3105 988 3198 vestigium.

385 3238 497 3311 Oausa
527 3238 624 3326 lruJus
654 3239 865 3328 phaenomeui
896 3243 930 3307 iu
963 3243 1227 3330 apponiaco,
1263 3241 1347 3328 quod

310 3373 545 3447 Calamitarum
564 3375 674 3442 caules
695 3378 858 3466 tempore,
886 3395 948 3465 quo
972 3375 1069 3442 limus
1094 3375 1151 3442 illa
1170 3393 1359 3454 arcuaoeus,

309 3515 342 3580 et
367 3511 544 3603 argillosus
583 3508 785 3602 (exsiccatus
813 3515 928 3600 postca
953 3514 986 3580 et
1009 3511 1043 3577 iu
1066 3503 1207 3600 lapidem
1230 3483 1347 3580 versus

310 3643 381 3740 est)
408 3647 616 3738 emoluerit,
639 3644 769 3716 fueraut
786 3649 857 3716 cavi
875 3651 908 3716 et
925 3647 1060 3738 molles3
1087 3646 1194 3736 itaquo
1217 3646 1347 3739 alium,
1366 3625 1369 3628 ¹

309 3783 364 3852 ubi
392 3787 497 3870 major
530 3787 602 3871 ejus
640 3783 734 3874 copia
764 3749 874 3854 locum
893 3783 1024 3877 habuit,
1062 3783 1239 3876 compressi
1263 3789 1348 3854 suut.

310 3917 360 4000 Ac
385 3921 576 4008 compressis
601 3920 744 3990 caulibus
772 3925 805 3990 et
830 3920 936 3992 forma
961 3941 1073 3992 eorum
1098 3924 1218 3992 mutata
1243 3925 1293 3989 est
1316 3924 1349 3989 et

310 4053 468 4122 structura
485 4054 610 4124 iuterna
629 4055 747 4126 deleta
