3396 5220
339 465 388 534 10

335 674 449 760 parata
487 670 539 736 sit.
591 667 678 738 Esse
716 675 827 761 septa,
866 691 949 761 qnae
985 673 1069 741 inter
1106 691 1143 740 se
1181 676 1247 742 tam
1288 679 1375 744 arcte

335 805 546 896 cohaereant,
585 813 622 876 ut
653 826 734 876 cuna
758 828 834 898 pars
858 807 995 898 undique
1018 809 1124 900 abiis
1150 807 1374 903 circumdetur,

334 941 377 1012 ci.
398 942 481 1010 iat.
500 940 517 1010 1
534 961 573 1033 a,
600 941 911 1037 nat.11fig.1,a
964 943 1163 1034 Quamquam
1183 948 1275 1034 septa
1294 965 1374 1014 sae-

334 1079 405 1170 pius
430 1095 539 1154 secum
558 1077 613 1147 vel
632 1079 833 1168 solummodo
851 1083 937 1152 iutra
955 1082 1127 1173 circulum,
1154 1078 1198 1150 ci.
1215 1080 1298 1150 Ταῦ.
1311 1081 1328 1150 1
1341 1083 1374 1173 b,

332 1214 388 1283 vel
408 1215 535 1288 omnino
556 1235 621 1284 non
639 1215 827 1314 cohaerere,
847 1214 1057 1309 cf.'1'ab.lc,
1076 1215 1159 1285 nan.
1173 1214 1221 1284 111
1233 1215 1290 1308 fig.
1305 1214 1329 1284 8
1343 1238 1374 1308 c,

333 1352 378 1418 ita
402 1355 438 1419 ut
456 1369 557 1418 canae
580 1355 691 1440 partes
711 1372 782 1420 cum
801 1372 910 1421 massa
930 1371 1101 1446 arenacea,
1129 1372 1222 1441 quam
1242 1356 1275 1420 et
1291 1354 1374 1420 intra

333 1491 366 1555 et
385 1489 479 1554 extra
504 1485 656 1554 circulum
681 1488 818 1577 positam
836 1507 910 1556 esse
927 1487 1013 1580 dixi,
1038 1492 1152 1579 aperto
1172 1508 1260 1557 nexu
1277 1493 1373 1558 tene-

333 1625 438 1690 antur.
769 1609 772 1616 ¹

405 1756 498 1842 Quae
523 1777 595 1826 cum
620 1756 667 1823 ita
691 1757 772 1849 sint,
803 1776 869 1826 non
893 1755 1039 1826 dubitare
1069 1757 1165 1849 licet,
1205 1759 1277 1847 quin
1303 1760 1372 1828 eir·

332 1895 414 1986 culi,
444 1913 537 1982 quem
563 1891 737 1984 descripsi,
762 1890 869 1961 forma
893 1896 927 1961 et
950 1895 1137 1983 compositio
1163 1898 1196 1961 et
1220 1894 1371 1963 cohaesio

332 2051 404 2100 cum
430 2027 599 2116 adjacente
617 2047 775 2096 arenacea
799 2049 907 2096 massa
931 2049 992 2097 nos
1018 2027 1156 2098 edocere
1181 2030 1305 2120 possint
1330 2028 1371 2096 de

330 2183 411 2233 vera
442 2164 543 2234 caulis
576 2163 743 2234 calamitici
772 2163 892 2234 indole.
945 2161 1057 2234 (ianus
1085 2162 1145 2232 init
1175 2165 1275 2233 caulis
1305 2165 1370 2231 lra-

330 2303 458 2390 buitque
484 2301 658 2392 parietem,
691 2301 838 2369 cavernis
862 2299 1145 2392 longtmdioalinus
1170 2302 1369 2391 instructum,

330 2435 559 2505 antefactum
584 2439 658 2538 est,
690 2439 725 2503 ut
749 2454 859 2502 massa
888 2455 1045 2514 arenacea
1065 2436 1140 2529 illa,
1167 2438 1222 2506 ubi
1247 2436 1371 2505 caulem

330 2593 371 2642 ea
406 2571 569 2664 explevit,
608 2576 641 2640 et
662 2570 776 2640 media
807 2575 927 2660 major.
943 2575 976 2641 et
1008 2573 1149 2642 minores
1186 2575 1219 2642 in
1252 2572 1370 2642 circulo

329 2712 409 2777 sitae
428 2707 635 2798 explorentur
653 2727 823 2777 cavernae.
874 2705 1019 2780 Massam
1036 2711 1078 2776 in
1098 2707 1371 2784 litharrthracicam

327 2849 469 2914 mutatae
489 2847 562 2910 sunt
584 2843 684 2911 caulis
703 2848 830 2932 partes,
860 2864 941 2931 quae
960 2844 1271 2934 parenchymatosae
1290 2841 1369 2912 foc-

327 2981 417 3070 rant,
445 2977 561 3065 quippe
585 2992 666 3044 vasa
691 2979 724 3042 et
749 2976 816 3047 telo
840 2975 1009 3046 cellulosa.
1268 3059 1273 3066 ι

404 3111 582 3181 Praeterea
618 3109 712 3178 caule
750 3105 826 3202 iilo,
873 3107 915 3178 ne
958 3130 1019 3200 quo
1060 3109 1147 3204 diri,
1191 3111 1367 3182 calamitico
1468 3169 1473 3178 .

327 3241 482 3341 (nour)
507 3246 644 3335 aliisque
669 3242 888 3338 (nauling.
904 3247 940 3338 l,
967 3246 1050 3316 uon.
1063 3245 1183 3341 ilinc·
1195 3244 1241 3341 8)
1268 3267 1367 3318 accu-

327 3385 489 3454 ratissime
509 3382 706 3480 exploratis,
739 3381 804 3452 vidi
831 3387 864 3452 et
890 3383 956 3452 alia
981 3382 1087 3453 annuc
1110 3388 1252 3474 restare,
1286 3403 1369 3472 quae

327 3519 371 3588 ad
394 3519 536 3589 habitum
561 3515 743 3588 calamitae
774 3519 934 3590 internum
959 3519 1085 3608 penitus
1109 3518 1369 3612 cognoscendum

326 3656 436 3747 magni
460 3653 611 3722 momenti
636 3653 710 3721 sint.
777 3731 780 3740 .

402 3787 543 3858 Primum
574 3785 831 3858 animadvertere
858 3793 953 3876 Juvat
979 3787 1092 3860 dentes
1116 3789 1216 3882 illos,
1255 3791 1307 3880 qui
1334 3794 1366 3860 in

326 3928 425 4018 septis
464 3923 506 3994 ad
541 3923 642 3994 ocutis
672 3943 845 3993 cavernam
881 3923 1020 3993 madiam
1058 3944 1174 3994 versus
1212 3926 1283 3996 sive
1323 3927 1365 3996 ad

325 4067 491 4134 externam
510 4059 710 4153 superficiem
728 4061 868 4151 conspici
886 4065 1021 4152 possunt
1040 4057 1365 4156 (ci.'l'ab.1d.d.);
