3396 5220
1304 480 1352 550 33

311 685 440 780 suetis,
471 701 552 776 quoe
570 693 643 753 cu'm
662 657 876 752 lithonttrroce
901 683 990 748 arcte
1015 679 1206 776 cohaerent,
1232 701 1354 752 orenc-

311 825 378 892 ceis
412 824 445 891 et
473 800 640 913 argillosis
672 820 752 887 sitos
783 815 1074 884 animadvertimus.
1125 816 1202 886 mixi
1241 818 1282 889 de
1315 839 1355 889 eo

307 962 378 1045 jem
403 959 436 1026 in
460 956 542 1028 litro
568 946 711 1046 meo*).

391 1090 485 1178 Quae
515 1109 588 1160 cum
620 1091 665 1158 ito
697 1091 826 1181 essent,
864 1087 918 1156 ubi
944 1087 1173 1177 experimentis
1199 1093 1355 1182 quaesivi,

314 1225 472 1317 quomodo
498 1224 697 1292 lithonttrrox
722 1244 742 1292 c
767 1224 878 1313 planto
902 1225 993 1291 ortus
1019 1227 1078 1315 sit,
1118 1221 1258 1317 duplex,
1296 1231 1357 1316 quo

314 1362 444 1454 plantae
476 1359 677 1456 decomponiy
699 1362 851 1450 possent,
888 1361 972 1426 ratio
1007 1359 1084 1428 mitri
1117 1364 1247 1449 praesto
1277 1359 1356 1432 inite

315 1499 406 1588 potui
433 1495 519 1564 enim
545 1499 601 1564 out
632 1496 759 1586 lignmn‘
784 1490 968 1586 (plantam)
994 1497 1082 1563 edre
1100 1487 1223 1566 remoto
1249 1497 1356 1588 aliquo

317 1631 414 1704 modo
439 1633 486 1699 ito
514 1631 744 1720 comprimere,
769 1604 806 1698 ut
831 1631 870 1698 ot
896 1629 1064 1720 incipiente
1084 1634 1154 1718 jam
1180 1632 1358 1724 decompo-

318 1761 435 1864 sitione
452 1769 649 1858 ,spontaneo
693 1759 878 1854 usquead
923 1783 996 1834 eam
1034 1770 1197 1855 peractum
1235 1769 1358 1842 nullum

316 1901 494 1994 putredinis
513 1899 701 1992 productum
726 1887 857 1992 obiret,
876 1903 970 1992 etque
995 1899 1141 1970 effectum
1166 1917 1226 1993 per
1252 1925 1360 1974 onno-

317 2060 390 2110 rum
421 2038 524 2108 mittis
555 2039 765 2126 exspectare,
804 2039 862 2106 out
898 2035 1022 2127 lignum
1061 2015 1244 2130 (plantam)
1283 2046 1361 2110 aere

316 2177 442 2243 remoto
467 2172 501 2240 in
525 2191 617 2240 vose·
630 2169 742 2239 clauso
765 2171 814 2238 'ite
840 2149 1027 2243 comburere
1057 2175 1090 2240 et
1114 2170 1361 2268 decomponere,

317 2312 372 2399 ut,
411 2325 493 2396 quoe
524 2322 567 2374 ex
599 2303 813 2374 dissolutione
830 2326 887 2374 eo
919 2307 1062 2375 uiolento
1095 2307 1361 2402 producerentur,

318 2461 383 2511 una
402 2460 479 2510 com·
493 2441 630 2509 carbone
650 2441 865 2508 remunerent.
918 2439 1013 2527 Quod
1029 2442 1132 2510 altero
1149 2443 1210 2514 hoc
1228 2444 1362 2516 decom—

319 2575 487 2665 positionis
507 2576 633 2644 ratione
652 2593 740 2644 usus*
759 2575 838 2665 sim,
865 2574 934 2663 quis
958 2578 1027 2666 est,
1053 2578 1105 2664 qui
1130 2576 1292 2648 mireturt
1313 2615 1360 2630 -

265 2717 268 2728 '
397 2709 509 2800 ltaque
533 2729 608 2780 cum
630 2708 708 2778 mitri
732 2710 992 2801 proposuissent,
1018 2709 1143 2801 lignum
1165 2713 1209 2779 ito
1229 2711 1362 2784 decom-

319 2864 462 2938 ponere,
500 2848 555 2938 ut,
589 2863 671 2933 quse
699 2861 743 2914 ex
770 2841 1050 2934 decompositione
1073 2845 1363 2944 proficiscerentur,

318 2979 476 3070 imprimis
500 2979 645 3050 volsum
682 2974 910 3070 (Cortoneum
935 3000 1006 3050 cum
1030 2980 1247 3075 Hydrogenio
1272 2988 1365 3056 voris

321 3114 532 3205 proportione
563 3109 789 3206 conjunctum)
827 3115 975 3207 effugere
1005 3135 1071 3186 uon
1099 3125 1252 3214 possent,
1289 3127 1365 3190 onte

320 3249 430 3318 omnio
453 3248 659 3340 excogitsudi
685 3246 827 3339 fuerunt,
854 3251 965 3336 quibus
991 3251 1160 3340 aptissime
1179 3252 1263 3341 quod
1286 3256 1365 3322 mitri

322 3385 477 3474 proposui
501 3382 543 3454 ad
568 3382 663 3454 tinem
687 3381 909 3475 perducerem,
935 3388 1109 3474 opporotus
1129 3390 1162 3454 et
1180 3351 1364 3481 machinae,

319 3525 465 3610 quosque
502 3517 665 3590 meotrinss
703 3513 916 3590 coniciendos
956 3525 990 3590 et
1028 3523 1201 3610 opporutus
1241 3529 1363 3614 cursu,

321 3653 450 3727 omnino
477 3653 587 3746 poucis
612 3651 794 3726 describere
817 3653 913 3724 licoot
937 3654 1063 3749 vertis,
1088 3660 1262 3748 propterca
1280 3660 1365 3752 quod

321 3809 418 3862 nemo
443 3788 486 3861 de
515 3791 736 3881 experimento
760 3789 868 3881 siquo
894 3794 1027 3883 ejusque
1052 3791 1166 3864 effectu
1191 3795 1279 3866 recte
1303 3801 1367 3884 jn-

325 3973 532 3988 mun-¹—

392 4081 417 4149 0)
434 4081 478 4137 ci.
496 4079 625 4152 (teotonis
646 4099 705 4154 pop.
725 4083 776 4140 1⁸3
792 4100 852 4154 sqq.
