<?xml version="1.0" encoding="UTF-8"?>
<!DOCTYPE html PUBLIC "-//W3C//DTD XHTML 1.0 Transitional//EN"
    "http://www.w3.org/TR/xhtml1/DTD/xhtml1-transitional.dtd">
<html xmlns="http://www.w3.org/1999/xhtml" xml:lang="en" lang="en">
 <head>
  <title>
</title>
<meta http-equiv="Content-Type" content="text/html;charset=utf-8" />
  <meta name='ocr-system' content='tesseract 3.04.00' />
  <meta name='ocr-capabilities' content='ocr_page ocr_carea ocr_par ocr_line ocrx_word'/>
</head>
<body>
  <div class='ocr_page' id='page_1' title='image "./decalamitisetli00petzgoog_0012.png"; bbox 0 0 3396 5220; ppageno 0'>
   <div class='ocr_carea' id='block_1_1' title="bbox 478 1331 1078 1494">
    <p class='ocr_par' dir='ltr' id='par_1_1' title="bbox 478 1331 1078 1494">
     <span class='ocr_line' id='line_1_1' title="bbox 478 1331 1078 1494; baseline 0.008 -39"><span class='ocrx_word' id='word_1_1' title='bbox 478 1487 480 1494; x_wconf 8' lang='grc' dir='ltr'>ψ</span> <span class='ocrx_word' id='word_1_2' title='bbox 549 1331 552 1337; x_wconf 82' lang='grc'><strong>’</strong></span> <span class='ocrx_word' id='word_1_3' title='bbox 601 1365 795 1460; x_wconf 79' lang='lat' dir='ltr'><strong>omna</strong></span> <span class='ocrx_word' id='word_1_4' title='bbox 824 1369 1078 1461; x_wconf 75' lang='lat' dir='ltr'><strong>nmmos,</strong></span> 
     </span>
    </p>
   </div>
   <div class='ocr_carea' id='block_1_2' title="bbox 494 1864 1174 1972">
    <p class='ocr_par' dir='ltr' id='par_1_2' title="bbox 494 1864 1174 1972">
     <span class='ocr_line' id='line_1_2' title="bbox 494 1864 1174 1972; baseline 0.003 -6"><span class='ocrx_word' id='word_1_5' title='bbox 494 1867 618 1966; x_wconf 72' lang='lat' dir='ltr'><strong>nlo</strong></span> <span class='ocrx_word' id='word_1_6' title='bbox 656 1864 1174 1972; x_wconf 72' lang='lat' dir='ltr'><strong>omnum.</strong></span> 
     </span>
    </p>
   </div>
   <div class='ocr_carea' id='block_1_3' title="bbox 307 2270 1358 4170">
    <p class='ocr_par' dir='ltr' id='par_1_3' title="bbox 310 2270 1358 3216">
     <span class='ocr_line' id='line_1_3' title="bbox 311 2270 1358 2406; baseline 0 -24"><span class='ocrx_word' id='word_1_7' title='bbox 311 2270 415 2382; x_wconf 79' lang='lat' dir='ltr'><strong>Inter</strong></span> <span class='ocrx_word' id='word_1_8' title='bbox 447 2301 627 2404; x_wconf 71' lang='lat' dir='ltr'><strong>plantarum</strong></span> <span class='ocrx_word' id='word_1_9' title='bbox 668 2315 837 2406; x_wconf 72' lang='lat' dir='ltr'><strong>reliquias,</strong></span> <span class='ocrx_word' id='word_1_10' title='bbox 892 2333 974 2403; x_wconf 89' lang='lat' dir='ltr'><strong>quae</strong></span> <span class='ocrx_word' id='word_1_11' title='bbox 1016 2315 1049 2381; x_wconf 91' lang='lat' dir='ltr'><strong>in</strong></span> <span class='ocrx_word' id='word_1_12' title='bbox 1088 2311 1358 2383; x_wconf 84' lang='lat' dir='ltr'><strong>litlantlrraosriis</strong></span> 
     </span>
     <span class='ocr_line' id='line_1_4' title="bbox 313 2447 1357 2543; baseline 0.003 -27"><span class='ocrx_word' id='word_1_13' title='bbox 313 2452 425 2520; x_wconf 77' lang='lat' dir='ltr'><strong>extant</strong></span> <span class='ocrx_word' id='word_1_14' title='bbox 449 2449 531 2518; x_wconf 88' lang='lat' dir='ltr'><strong>bane</strong></span> <span class='ocrx_word' id='word_1_15' title='bbox 557 2447 805 2543; x_wconf 81' lang='lat' dir='ltr'><strong>discernendae,</strong></span> <span class='ocrx_word' id='word_1_16' title='bbox 828 2449 956 2542; x_wconf 85' lang='lat' dir='ltr'><strong>dubito,</strong></span> <span class='ocrx_word' id='word_1_17' title='bbox 978 2469 1024 2538; x_wconf 24' lang='lat' dir='ltr'><strong>&#39;an</strong></span> <span class='ocrx_word' id='word_1_18' title='bbox 1051 2451 1193 2539; x_wconf 84' lang='lat' dir='ltr'><strong>exeeptis</strong></span> <span class='ocrx_word' id='word_1_19' title='bbox 1205 2449 1357 2518; x_wconf 79' lang='lat' dir='ltr'><strong>Filieibns</strong></span> 
     </span>
     <span class='ocr_line' id='line_1_5' title="bbox 312 2581 1356 2678; baseline -0.002 -24"><span class='ocrx_word' id='word_1_20' title='bbox 312 2585 446 2671; x_wconf 73' lang='lat' dir='ltr'><strong>maioris</strong></span> <span class='ocrx_word' id='word_1_21' title='bbox 467 2586 618 2653; x_wconf 77' lang='lat' dir='ltr'><strong>momenti</strong></span> <span class='ocrx_word' id='word_1_22' title='bbox 644 2585 705 2652; x_wconf 90' lang='lat' dir='ltr'><strong>sint</strong></span> <span class='ocrx_word' id='word_1_23' title='bbox 730 2585 833 2678; x_wconf 87' lang='lat' dir='ltr'><strong>aliae,</strong></span> <span class='ocrx_word' id='word_1_24' title='bbox 859 2607 953 2674; x_wconf 92' lang='lat' dir='ltr'><strong>quam</strong></span> <span class='ocrx_word' id='word_1_25' title='bbox 977 2585 1085 2654; x_wconf 87' lang='lat' dir='ltr'><strong>oanles</strong></span> <span class='ocrx_word' id='word_1_26' title='bbox 1104 2581 1356 2674; x_wconf 75' lang='lat' dir='ltr'><strong>Calamitnrum3</strong></span> 
     </span>
     <span class='ocr_line' id='line_1_6' title="bbox 313 2719 1356 2811; baseline 0 -25"><span class='ocrx_word' id='word_1_27' title='bbox 313 2719 467 2810; x_wconf 78' lang='lat' dir='ltr'><strong>imprimis</strong></span> <span class='ocrx_word' id='word_1_28' title='bbox 498 2719 526 2786; x_wconf 87' lang='lat' dir='ltr'><strong>si</strong></span> <span class='ocrx_word' id='word_1_29' title='bbox 551 2719 685 2810; x_wconf 76' lang='lat' dir='ltr'><strong>respicis</strong></span> <span class='ocrx_word' id='word_1_30' title='bbox 713 2721 862 2788; x_wconf 84' lang='lat' dir='ltr'><strong>eximiam</strong></span> <span class='ocrx_word' id='word_1_31' title='bbox 888 2739 1000 2789; x_wconf 88' lang='lat' dir='ltr'><strong>eorum</strong></span> <span class='ocrx_word' id='word_1_32' title='bbox 1026 2721 1169 2811; x_wconf 84' lang='lat' dir='ltr'><strong>copiam,</strong></span> <span class='ocrx_word' id='word_1_33' title='bbox 1196 2739 1277 2809; x_wconf 87' lang='lat' dir='ltr'><strong>quae</strong></span> <span class='ocrx_word' id='word_1_34' title='bbox 1300 2720 1356 2786; x_wconf 91' lang='lat' dir='ltr'><strong>in-</strong></span> 
     </span>
     <span class='ocr_line' id='line_1_7' title="bbox 311 2853 1357 2948; baseline 0.001 -26"><span class='ocrx_word' id='word_1_35' title='bbox 311 2857 457 2948; x_wconf 86' lang='lat' dir='ltr'><strong>venitur,</strong></span> <span class='ocrx_word' id='word_1_36' title='bbox 486 2873 588 2944; x_wconf 87' lang='lat' dir='ltr'><strong>aeque</strong></span> <span class='ocrx_word' id='word_1_37' title='bbox 612 2875 651 2924; x_wconf 87' lang='lat' dir='ltr'><strong>ae</strong></span> <span class='ocrx_word' id='word_1_38' title='bbox 676 2875 828 2947; x_wconf 77' lang='lat' dir='ltr'><strong>magnam</strong></span> <span class='ocrx_word' id='word_1_39' title='bbox 853 2853 1108 2946; x_wconf 84' lang='lat' dir='ltr'><strong>similitudinem,</strong></span> <span class='ocrx_word' id='word_1_40' title='bbox 1134 2875 1228 2943; x_wconf 89' lang='lat' dir='ltr'><strong>quam</strong></span> <span class='ocrx_word' id='word_1_41' title='bbox 1253 2873 1357 2944; x_wconf 80' lang='lat' dir='ltr'><strong>prae·</strong></span> 
     </span>
     <span class='ocr_line' id='line_1_8' title="bbox 311 2988 1355 3083; baseline -0.001 -25"><span class='ocrx_word' id='word_1_42' title='bbox 311 2988 419 3059; x_wconf 85' lang='lat' dir='ltr'><strong>lerunt</strong></span> <span class='ocrx_word' id='word_1_43' title='bbox 457 3011 530 3060; x_wconf 86' lang='lat' dir='ltr'><strong>eum</strong></span> <span class='ocrx_word' id='word_1_44' title='bbox 567 2991 684 3081; x_wconf 82' lang='lat' dir='ltr'><strong>plantis</strong></span> <span class='ocrx_word' id='word_1_45' title='bbox 722 2989 827 3061; x_wconf 81' lang='lat' dir='ltr'><strong>adhue</strong></span> <span class='ocrx_word' id='word_1_46' title='bbox 860 2991 1058 3083; x_wconf 85' lang='lat' dir='ltr'><strong>viventibus,</strong></span> <span class='ocrx_word' id='word_1_47' title='bbox 1106 2990 1245 3058; x_wconf 86' lang='lat' dir='ltr'><strong>maxime</strong></span> <span class='ocrx_word' id='word_1_48' title='bbox 1282 3009 1355 3060; x_wconf 88' lang='lat' dir='ltr'><strong>oum</strong></span> 
     </span>
     <span class='ocr_line' id='line_1_9' title="bbox 310 3125 584 3216; baseline -0.007 -21"><span class='ocrx_word' id='word_1_49' title='bbox 310 3125 541 3216; x_wconf 76' lang='lat' dir='ltr'><strong>Equisetaoeis.</strong></span> <span class='ocrx_word' id='word_1_50' title='bbox 580 3175 584 3184; x_wconf 87' lang='lat'><em>.</em></span> 
     </span>
    </p>

    <p class='ocr_par' dir='ltr' id='par_1_4' title="bbox 307 3259 1355 4170">
     <span class='ocr_line' id='line_1_10' title="bbox 385 3259 1354 3354; baseline -0.002 -22"><span class='ocrx_word' id='word_1_51' title='bbox 385 3261 477 3332; x_wconf 85' lang='lat' dir='ltr'><strong>Haeo</strong></span> <span class='ocrx_word' id='word_1_52' title='bbox 502 3265 609 3330; x_wconf 85' lang='lat' dir='ltr'><strong>autem</strong></span> <span class='ocrx_word' id='word_1_53' title='bbox 634 3261 826 3354; x_wconf 77' lang='lat' dir='ltr'><strong>similitudo,</strong></span> <span class='ocrx_word' id='word_1_54' title='bbox 852 3277 936 3350; x_wconf 86' lang='lat' dir='ltr'><strong>quae</strong></span> <span class='ocrx_word' id='word_1_55' title='bbox 959 3259 1003 3330; x_wconf 89' lang='lat' dir='ltr'><strong>ad</strong></span> <span class='ocrx_word' id='word_1_56' title='bbox 1022 3263 1189 3333; x_wconf 83' lang='lat' dir='ltr'><strong>externam</strong></span> <span class='ocrx_word' id='word_1_57' title='bbox 1215 3259 1354 3330; x_wconf 79' lang='lat' dir='ltr'><strong>indolem</strong></span> 
     </span>
     <span class='ocr_line' id='line_1_11' title="bbox 310 3394 1355 3491; baseline -0.004 -25"><span class='ocrx_word' id='word_1_58' title='bbox 310 3400 559 3466; x_wconf 68' lang='lat' dir='ltr'><strong>denudarem</strong></span> <span class='ocrx_word' id='word_1_59' title='bbox 586 3401 729 3491; x_wconf 81' lang='lat' dir='ltr'><strong>speetat,</strong></span> <span class='ocrx_word' id='word_1_60' title='bbox 755 3401 844 3466; x_wconf 86' lang='lat' dir='ltr'><strong>tanta</strong></span> <span class='ocrx_word' id='word_1_61' title='bbox 871 3399 937 3486; x_wconf 84' lang='lat' dir='ltr'><strong>ast,</strong></span> <span class='ocrx_word' id='word_1_62' title='bbox 971 3398 1006 3464; x_wconf 83' lang='lat' dir='ltr'><strong>ol</strong></span> <span class='ocrx_word' id='word_1_63' title='bbox 1029 3399 1100 3482; x_wconf 80' lang='lat' dir='ltr'><strong>jam</strong></span> <span class='ocrx_word' id='word_1_64' title='bbox 1125 3394 1355 3484; x_wconf 77' lang='lat' dir='ltr'><strong>antiquioribus</strong></span> 
     </span>
     <span class='ocr_line' id='line_1_12' title="bbox 307 3530 1353 3625; baseline -0.006 -22"><span class='ocrx_word' id='word_1_65' title='bbox 307 3533 504 3625; x_wconf 79' lang='lat' dir='ltr'><strong>temporibus</strong></span> <span class='ocrx_word' id='word_1_66' title='bbox 542 3533 602 3624; x_wconf 86' lang='lat' dir='ltr'><strong>ipsi</strong></span> <span class='ocrx_word' id='word_1_67' title='bbox 636 3534 668 3602; x_wconf 94' lang='lat' dir='ltr'><strong>in</strong></span> <span class='ocrx_word' id='word_1_68' title='bbox 700 3553 809 3603; x_wconf 85' lang='lat' dir='ltr'><strong>rerum</strong></span> <span class='ocrx_word' id='word_1_69' title='bbox 843 3530 1034 3599; x_wconf 76' lang='lat' dir='ltr'><strong>naturalium</strong></span> <span class='ocrx_word' id='word_1_70' title='bbox 1065 3531 1199 3600; x_wconf 86' lang='lat' dir='ltr'><strong>seientia</strong></span> <span class='ocrx_word' id='word_1_71' title='bbox 1230 3531 1353 3599; x_wconf 85' lang='lat' dir='ltr'><strong>tirones</strong></span> 
     </span>
     <span class='ocr_line' id='line_1_13' title="bbox 307 3665 1351 3773; baseline -0.008 -33"><span class='ocrx_word' id='word_1_72' title='bbox 307 3669 408 3740; x_wconf 78' lang='lat' dir='ltr'><strong>heroe</strong></span> <span class='ocrx_word' id='word_1_73' title='bbox 428 3666 607 3741; x_wconf 73' lang='lat' dir='ltr'><strong>Calamitas</strong></span> <span class='ocrx_word' id='word_1_74' title='bbox 626 3669 706 3738; x_wconf 89' lang='lat' dir='ltr'><strong>nihil</strong></span> <span class='ocrx_word' id='word_1_75' title='bbox 721 3665 825 3773; x_wconf 84' lang='lat' dir='ltr'><strong>aliud,</strong></span> <span class='ocrx_word' id='word_1_76' title='bbox 844 3667 906 3734; x_wconf 90' lang='lat' dir='ltr'><strong>nisi</strong></span> <span class='ocrx_word' id='word_1_77' title='bbox 924 3665 1079 3756; x_wconf 75' lang='lat' dir='ltr'><strong>Equisota</strong></span> <span class='ocrx_word' id='word_1_78' title='bbox 1099 3665 1351 3757; x_wconf 82' lang='lat' dir='ltr'><strong>antediloviana,</strong></span> 
     </span>
     <span class='ocr_line' id='line_1_14' title="bbox 309 3799 1349 3912; baseline -0.004 -38"><span class='ocrx_word' id='word_1_79' title='bbox 309 3826 389 3894; x_wconf 86' lang='lat' dir='ltr'><strong>quae</strong></span> <span class='ocrx_word' id='word_1_80' title='bbox 415 3827 436 3875; x_wconf 90' lang='lat' dir='ltr'><strong>a</strong></span> <span class='ocrx_word' id='word_1_81' title='bbox 462 3825 546 3876; x_wconf 89' lang='lat' dir='ltr'><strong>nune</strong></span> <span class='ocrx_word' id='word_1_82' title='bbox 570 3806 747 3912; x_wconf 75' lang='lat' dir='ltr'><strong>viventibus</strong></span> <span class='ocrx_word' id='word_1_83' title='bbox 770 3799 971 3872; x_wconf 89' lang='lat' dir='ltr'><strong>solummodo</strong></span> <span class='ocrx_word' id='word_1_84' title='bbox 991 3800 1209 3893; x_wconf 77' lang='lat' dir='ltr'><strong>magnitudine</strong></span> <span class='ocrx_word' id='word_1_85' title='bbox 1234 3799 1349 3870; x_wconf 83' lang='lat' dir='ltr'><strong>dilier-</strong></span> 
     </span>
     <span class='ocr_line' id='line_1_15' title="bbox 308 3935 1347 4034; baseline -0.003 -27"><span class='ocrx_word' id='word_1_86' title='bbox 308 3947 398 4034; x_wconf 82' lang='lat' dir='ltr'><strong>rant,</strong></span> <span class='ocrx_word' id='word_1_87' title='bbox 424 3962 498 4020; x_wconf 82' lang='lat' dir='ltr'><strong>assa</strong></span> <span class='ocrx_word' id='word_1_88' title='bbox 516 3945 676 4033; x_wconf 86' lang='lat' dir='ltr'><strong>putarent.</strong></span> <span class='ocrx_word' id='word_1_89' title='bbox 728 3937 854 4010; x_wconf 76' lang='lat' dir='ltr'><strong>nalem</strong></span> <span class='ocrx_word' id='word_1_90' title='bbox 878 3942 1029 4029; x_wconf 84' lang='lat' dir='ltr'><strong>putarunt</strong></span> <span class='ocrx_word' id='word_1_91' title='bbox 1054 3935 1192 4007; x_wconf 82' lang='lat' dir='ltr'><strong>diversis</strong></span> <span class='ocrx_word' id='word_1_92' title='bbox 1216 3939 1347 4028; x_wconf 88' lang='lat' dir='ltr'><strong>tompo-</strong></span> 
     </span>
     <span class='ocr_line' id='line_1_16' title="bbox 307 4063 1354 4170; baseline -0.004 -26"><span class='ocrx_word' id='word_1_93' title='bbox 307 4063 396 4146; x_wconf 78' lang='lat' dir='ltr'><strong>ribua</strong></span> <span class='ocrx_word' id='word_1_94' title='bbox 414 4081 447 4146; x_wconf 87' lang='lat' dir='ltr'><strong>ut</strong></span> <span class='ocrx_word' id='word_1_95' title='bbox 460 4077 522 4146; x_wconf 88' lang='lat' dir='ltr'><strong>viri</strong></span> <span class='ocrx_word' id='word_1_96' title='bbox 537 4075 639 4170; x_wconf 76' lang='lat' dir='ltr'><strong>docti,</strong></span> <span class='ocrx_word' id='word_1_97' title='bbox 667 4096 770 4168; x_wconf 87' lang='lat' dir='ltr'><strong>neque</strong></span> <span class='ocrx_word' id='word_1_98' title='bbox 789 4074 915 4146; x_wconf 92' lang='lat' dir='ltr'><strong>omnino</strong></span> <span class='ocrx_word' id='word_1_99' title='bbox 938 4073 1026 4144; x_wconf 90' lang='lat' dir='ltr'><strong>aliud</strong></span> <span class='ocrx_word' id='word_1_100' title='bbox 1047 4071 1214 4164; x_wconf 83' lang='lat' dir='ltr'><strong>quidquam</strong></span> <span class='ocrx_word' id='word_1_101' title='bbox 1233 4079 1354 4164; x_wconf 77' lang='lat' dir='ltr'><strong>putare</strong></span> 
     </span>
    </p>
   </div>
   <div class='ocr_carea' id='block_1_4' title="bbox 0 0 1702 5220">
    <p class='ocr_par' dir='ltr' id='par_1_5' title="bbox 0 0 1702 5220">
     <span class='ocr_line' id='line_1_17' title="bbox 0 0 1702 5220; baseline 0 5"><span class='ocrx_word' id='word_1_102' title='bbox 0 0 1702 5220; x_wconf 95' lang='lat' dir='ltr'><strong> </strong></span> 
     </span>
    </p>
   </div>
  </div>
 </body>
</html>
