3396 5220
350 479 399 551 14

350 687 391 755 de
407 685 526 794 lrabitu
552 688 687 754 externo
711 683 906 756 Biscloilius
918 681 965 780 ¹⁵)
998 689 1151 779 imprimis
1176 677 1264 762 clare
1289 709 1391 764 enar-

349 824 451 912 ravit3
478 840 553 888 narn
580 841 661 911 quae
687 827 912 892 enumerarunt
934 823 989 892 alii
1013 826 1078 914 viri
1091 825 1185 896 docti
1209 827 1390 900 discrimina

350 957 534 1028 essentialia
564 959 647 1028 inter
679 962 846 1060 utramque
871 959 1032 1054 plantam,
1071 965 1118 1031 uti
1143 967 1279 1057 vaginas
1306 971 1391 1038 circa

348 1075 577 1183 nqnisetorum
615 1095 771 1165 articulos
811 1099 844 1164 et
875 1116 957 1186 quac
989 1101 1064 1166 aunt
1092 1099 1234 1194 reliqua,
1273 1105 1391 1174 nullius

350 1235 424 1301 sunt
447 1231 616 1322 momenti,
644 1250 723 1299 cum·
734 1231 895 1320 liquisetis
913 1254 997 1303 nnnc
1014 1235 1194 1304 viventibus
1213 1241 1391 1309 accuratius

349 1367 486 1459 cognitis
512 1373 658 1456 apertum
683 1367 743 1458 sit,
786 1367 864 1437 talia
889 1371 971 1438 inter
996 1371 1087 1440 varia
1111 1369 1266 1461 llquiseta
1293 1376 1390 1444 etiam
1468 1455 1471 1462 ,

348 1523 431 1575 nnnc
451 1506 565 1572 extare
585 1499 777 1574 discrimina.
828 1503 1125 1577 iithammeru
1143 1528 1263 1579 novum
1282 1509 1390 1600 liqui-

348 1644 490 1710 sctorum
514 1615 628 1706 creare
641 1657 756 1729 xgenus
781 1636 969 1708 dubitatur.'

419 1774 480 1844 llis
498 1771 592 1842 dictis
614 1778 735 1866 restat,
760 1779 797 1844 ut
814 1775 935 1865 aliquot
953 1776 1055 1845 veria
1075 1774 1203 1870 faciam,
1230 1799 1292 1868 quo
1312 1780 1386 1851 loco

348 1917 381 1984 el
399 1908 569 2001 quomodo
589 1906 820 1979 Oalamitarum
839 1913 948 1981 caules
972 1913 1005 1980 in
1023 1911 1165 2003 lapidem
1182 1917 1270 1983 versi
1289 1917 1386 1985 inve-

346 2048 409 2116 niri
431 2045 576 2137 soleant,
602 2045 756 2135 imprimis
779 2067 850 2114 oum
870 2046 1044 2137 disquisitio
1065 2047 1199 2118 deloco
1220 2071 1260 2119 ea
1279 2053 1384 2141 aptis-

347 2185 430 2253 sima
460 2185 518 2273 sit,
560 2185 596 2250 ut
624 2179 698 2249 indo
731 2184 974 2275 comprobetur,
1013 2205 1106 2274 quarn
1126 2187 1303 2278 proposui,
1343 2183 1385 2254 do

345 2321 456 2390 habitu
475 2314 706 2388 calamitatum
725 2321 894 2411 sententia,
913 2339 995 2409 quae
1016 2323 1048 2388 et
1066 2321 1200 2411 ipsaitn
1219 2321 1384 2414 sehabet,

344 2467 382 2528 ut
408 2452 583 2544 disquisitio
610 2452 688 2545 illa,
719 2455 773 2523 ubi
799 2453 895 2524 dubia
920 2459 989 2548 est,
1017 2453 1091 2525 inde
1117 2455 1306 2528 illustretur.
1380 2495 1384 2522 ;

355 2559 356 2564 ¹
419 2590 510 2662 luter
542 2608 654 2658 omnes
685 2587 827 2683 constat,
868 2587 1100 2662 Galamitarum
1130 2595 1283 2684 reliquias
1308 2591 1383 2664 irc-

344 2729 567 2820 quentissimas
604 2745 679 2795 esse
722 2727 755 2794 in
793 2728 899 2820 suis,
943 2747 1024 2818 quac
1063 2749 1135 2798 cunr
1171 2731 1383 2800 litlanlhraco

342 2881 462 2932 nexum
480 2861 620 2930 habeant
645 2860 841 2949 eandemque
867 2867 1021 2931 aetatemr
1047 2867 1121 2932 sunt
1145 2883 1185 2932 ca
1210 2866 1243 2932 in
1264 2862 1381 2936 Saxo·

205 3041 207 3046 ·
342 3001 396 3068 nia
414 3015 487 3066 rnca
510 3013 592 3064 saxa
611 3013 769 3066 arenaoea
788 2999 821 3064 et
842 2996 1013 3088 argillosa,
1045 3016 1127 3086 qnae
1145 2999 1381 3068 ita'inveniun-

341 3140 413 3226 tur,
458 3135 494 3201 ut
524 3132 608 3199 iuter
638 3149 676 3198 sc
710 3133 743 3200 et
774 3152 846 3202 curu
875 3131 1120 3204 litlrantlrramrm
1152 3135 1262 3202 stratis
1292 3134 1381 3204 vices

342 3272 475 3341 mutent.
525 3265 589 3338 Ubi
621 3286 704 3336 saxa
739 3268 817 3362 illa,
856 3288 990 3358 qnorum
1027 3269 1231 3360 complexum
1265 3274 1382 3340 vocant

341 3405 567 3477 formationem
592 3402 904 3498 lithantlrracariam,
937 3405 980 3476 ibi
1009 3402 1209 3499 calamitae,
1248 3410 1281 3475 et
1309 3407 1381 3476 vice

341 3558 449 3612 versa.
500 3540 555 3616 Aa¹
583 3537 817 3612 caianitarum
854 3561 975 3634 magna
1006 3541 1100 3632 copia
1134 3541 1229 3610 obv'ia
1261 3544 1311 3610 est
1345 3542 1379 3609 in

339 3676 429 3745 valle
464 3672 646 3766 Plaviensi,
691 3677 808 3767 quippo
841 3680 875 3746 in
909 3697 950 3746 eo
981 3677 1054 3746 saxi
1085 3678 1232 3746 arenacei
1262 3679 1377 3768 strato,

339 3809 423 3902 quod
453 3810 511 3880 sub
547 3809 643 3879 tertio
680 3809 941 3881 lithanthraaario
971 3811 1114 3882 tabulato
1140 3815 1247 3906 jacat3
1287 3815 1381 3882 tanta·

406 4109 466 4180 *tl
484 4125 508 4163 c.
526 4121 588 4180 pap
604 4105 648 4164 ⁵1.
