3396 5220
1266 483 1315 552 31

345 689 498 760 Attamen
529 692 636 780 suunt,¹
662 723 707 736 -
735 685 817 756 hene
850 684 917 756 seio
949 705 1010 756 eos
1039 721 1105 778 ·-,
1146 688 1197 777 qui
1228 688 1319 762 illum

277 830 380 918 ipsum
407 827 484 894 olim
511 823 642 894 fluidum
664 822 908 891 lithantlnraoum
931 823 1049 892 statum
1076 825 1109 890 et
1132 825 1224 896 irrito
1239 826 1318 918 illa,

276 964 389 1053 quibus
422 960 598 1054 organicae
617 961 809 1028 structurae
833 957 1091 1030 animadvertere
1116 961 1221 1030 eonati
1246 971 1321 1034 sunt

277 1099 438 1190 vestigia,
477 1097 653 1164 tentamina
682 1100 835 1166 censeant
868 1093 976 1186 potius
1009 1087 1084 1164 esse
1114 1103 1318 1191 argumenta,

277 1231 624 1304 undelitlnanthraoes
654 1251 676 1300 e
708 1231 828 1322 plantis
857 1235 948 1303 ortos
982 1250 1056 1300 esso
1081 1233 1240 1304 sententia
1265 1241 1321 1304 aut
1393 1265 1396 1272 ·

279 1372 405 1440 omnino
431 1369 522 1457 nejioi
547 1372 604 1436 ant
629 1366 765 1436 dubitari
789 1369 909 1459 possit3
938 1370 991 1457 qni
1017 1387 1147 1437 oausam
1171 1389 1236 1440 non
1265 1374 1320 1441 in·

277 1507 444 1598 telligant,
483 1525 541 1582 mu
565 1504 624 1572 illa
650 1504 810 1597 singulari
842 1503 1023 1595 puntemm
1049 1502 1321 1596 incompositione

279 1641 426 1712 deleatur
446 1641 599 1734 organiea
618 1641 722 1711 omnis
740 1645 919 1734 structura,
946 1659 1027 1730 quse
1046 1644 1159 1712 ‚tamen
1184 1645 1217 1719 io
1241 1665 1320 1712 oar-

279 1781 384 1872 lone‚
410 1779 462 1869 qui
488 1799 531 1847 ex
551 1778 642 1870 ligno
669 1797 765 1868 quum
791 1782 850 1846 air
873 1779 1016 1870 remotus
1043 1781 1131 1845 esset
1155 1780 1320 1850 oombusto

279 1919 431 2006 paratur,
461 1914 585 2002 reliqua
617 1913 677 2004 ait3
716 1913 769 2001 qui
793 1917 930 2006 negent,
961 1912 1143 2003 plantarum
1167 1909 1322 2009 massam,

280 2050 334 2120 ubi
353 2049 640 2140 deoomponeretur
660 2049 757 2142 olim,
783 2047 913 2118 fluidam
933 2067 1007 2154 esse
1020 2047 1159 2143 tantan,
1184 2057 1322 2141 propte·

280 2206 349 2270 rea
364 2185 449 2276 quod
481 2190 514 2255 et
539 2187 655 2278 melo,
696 2185 750 2256 ubi
775 2205 816 2254 eo
843 2204 935 2274 quem
960 2183 1032 2253 dlxi
1052 2183 1149 2255 modo
1176 2191 1322 2279 paratur,

280 2341 384 2412 neque
408 2320 526 2390 mollis·
541 2341 645 2410 neque
670 2319 785 2390 liuidus
811 2320 916 2390 famus
941 2299 1082 2412 eonspioi
1108 2323 1228 2415 possit3
1270 2326 1323 2413 qui

282 2459 342 2526 etsi
368 2459 449 2526 bene
475 2457 595 2549 seiont,
615 2457 808 2526 ohemioam
838 2457 1010 2530 solutionis
1041 2458 1219 2552 nationem,
1261 2481 1325 2550 qun

281 2595 321 2662 ab
354 2593 427 2662 aliis
459 2596 497 2666 ot
521 2596 640 2661 memet
666 2595 737 2683 ipso
751 2583 799 2685 *J
826 2571 1170 2686 demonstrationem
1196 2595 1323 2685 plantas

282 2729 353 2801 sive
384 2727 501 2799 mutari
534 2728 568 2796 in
599 2730 756 2798 nationes
784 2731 912 2799 sivein
938 2729 1189 2822 lithanthraees‚
1228 2732 1324 2821 plane

283 2842 418 2933 eandem
443 2881 536 2956 osse,
576 2869 609 2933 et
634 2864 762 2936 omnino
789 2866 895 2937 omnin
921 2886 1002 2957 quae
1026 2864 1069 2934 al
1093 2863 1324 2938 lithanllnraoes

282 3003 426 3092 spectem
454 3000 586 3092 oognit'a
609 3001 766 3095 habeant,
804 3002 907 3072 nihilo
939 3002 1043 3071 minus
1076 3001 1184 3074 &men
1212 3009 1326 3095 aperto

282 3141 411 3229 petant,
447 3139 484 3206 ut
509 3137 543 3204 in
568 3137 851 3232 lithantlnraeilus,
884 3142 1053 3228 antequam
1078 3157 1137 3208 eos
1162 3157 1183 3206 e
1206 3139 1326 3230 plantis

283 3277 376 3344 ortos
400 3291 475 3341 esse
500 3275 678 3365 sumatur,
713 3273 871 3366 organica
894 3241 1054 3342 amoma
1078 3271 1326 3345 demonstrande

283 3409 326 3478 sit
349 3406 532 3498 eonspioua.
583 3403 710 3478 Contra
739 3427 799 3478 eoo
829 3406 1055 3478 demonstrabo
1082 3408 1325 3506 experimentis,

283 3543 400 3614 oleum
432 3540 644 3614 uenditionem
673 3542 861 3638 quamdam,
899 3557 1000 3636 quae,
1037 3543 1092 3614 uli
1117 3543 1245 3638 lignum¹
1265 3546 1325 3617 illo

284 3700 346 3770 quo
372 3678 442 3748 (lixi
466 3674 563 3747 molo
588 3679 802 3774 comburitur,
834 3680 867 3749 in
893 3699 989 3750 usum
1014 3683 1129 3749 vocata
1153 3671 1326 3754 melonem

283 3812 383 3886 facim
420 3813 552 3884 nollem
594 3819 628 3884 et
670 3814 817 3910 ludum,
869 3816 922 3908 qui
966 3817 1154 3912 organieam
1194 3818 1326 3912 plantae

354 4106 379 4175 ⁸)
397 4105 527 4178 Geologie
546 4124 608 4178 pag.
629 4107 680 4164 173
697 4125 755 4180 sqq.
