3396 5220
344 483 369 556 8

410 688 567 796 nlttamen
593 690 718 780 omnia,
752 708 834 778 quae
863 685 962 761 coca
988 694 1021 758 et
1046 689 1198 784 Ungorus
1224 695 1257 759 et
1280 689 1387 760 Lind-

345 827 434 894 leius·
447 846 518 893 cum
536 823 680 894 lluttone
692 815 740 917 *J
766 825 883 913 aliique
902 845 941 894 eo
961 827 1094 916 consilio
1116 825 1328 918 edocuerunt,
1353 831 1389 896 ut

346 960 481 1050 denique
500 961 567 1029 illis
589 958 630 1028 de
648 980 729 1030 vera
749 957 982 1031 calamitatum
1002 969 1118 1033 natura
1144 961 1389 1033 dubitationibus

347 1100 429 1166 inter
455 1098 545 1166 viros
573 1094 684 1165 doctos
709 1096 780 1164 linis
801 1098 1036 1190 imponeretur,
1063 1098 1143 1166 talia
1160 1103 1252 1190 sunt,
1272 1101 1307 1166 ut
1324 1117 1388 1167 ne-

347 1253 502 1322 quaquam
529 1233 631 1302 omnis
656 1252 711 1300 res
738 1234 816 1300 satis
840 1231 971 1320 liqueat.

423 1368 507 1436 Nam
536 1388 619 1456 quae
643 1365 828 1460 fragmenta
847 1368 999 1438 arborum
1024 1367 1058 1436 in
1082 1368 1222 1460 lapidem
1246 1374 1389 1439 mutato-

346 1525 418 1572 rum
445 1503 538 1571 oculo
558 1508 681 1572 armato
702 1502 872 1593 explorata
890 1508 982 1596 sunt,
1008 1503 1138 1574 atinde
1161 1503 1290 1573 tandem
1309 1525 1390 1574 vera

347 1636 579 1712 Calamitarum
605 1643 721 1707 natma
746 1643 943 1731 appareret,
984 1639 1184 1709 solummodo
1211 1645 1303 1732 suut,
1344 1643 1389 1708 uti

346 1775 417 1863 ipse
443 1770 541 1843 Cotta
566 1774 665 1842 variis
691 1775 793 1846 libelli
818 1777 867 1843 sui
894 1775 976 1843 locis
1001 1773 1180 1866 profitetur,
1208 1773 1391 1866 fragmenta

347 1929 411 2001 ea,
447 1929 581 1998 quorum
616 1903 768 1980 externus
798 1910 925 1978 babitus
957 1925 1021 1977 non
1053 1912 1132 1977 satis
1162 1910 1250 1978 clare
1282 1908 1391 1980 Gala-

346 2047 494 2113 milarum
519 2047 710 2112 structuram
737 2047 769 2113 in
796 2048 1000 2150 conspectum
1029 2043 1171 2136 profert,
1198 2063 1301 2134 neque
1324 2043 1391 2112 ali·

347 2181 417 2270 quis
435 2167 663 2271 vituperandus
690 2186 757 2274 cst,
784 2183 836 2270 qui
861 2201 966 2274 genus
992 2177 1244 2250 Calamitearum
1270 2178 1390 2250 Cottae

346 2315 451 2384 adbuc
475 2317 628 2384 incertum
648 2319 742 2405 aque
765 2315 934 2388 catamito
959 2315 1099 2385 alienum
1117 2321 1218 2406 putet.
1269 2318 1390 2408 lmpri-

345 2452 404 2518 mis
431 2454 538 2518 autem
563 2451 640 2520 mibi
662 2453 757 2522 liceat
776 2451 933 2544 dubitare,
959 2472 1035 2520 num
1056 2456 1177 2524 rectum
1201 2455 1244 2520 sit
1269 2457 1301 2521 et
1325 2472 1390 2519 na-

345 2591 440 2656 turae
459 2589 673 2680 couveniens,
706 2587 921 2660 Calamiteam
950 2586 1133 2657 adscribere
1159 2585 1392 2658 calamitatum

345 2723 481 2814 generi,
525 2725 640 2814 quippe
671 2747 765 2814 quum
802 2726 978 2793 invenirem
1005 2721 1239 2794 &elamitarum
1269 2724 1391 2814 caules,

345 2877 480 2944 quorum
505 2865 641 2927 externa
667 2879 769 2948 aeque
795 2881 835 2928 ae
861 2863 987 2926 interna
1006 2863 1167 2927 structura
1188 2876 1392 2947 summopere

346 2989 508 3080 discrepat
533 2993 585 3060 ab·
599 2993 675 3084 illa,
703 3014 765 3081 qua
790 2991 911 3084 gaudet
938 2990 1130 3063 Calamitea.

422 3124 529 3214 Atque
554 3129 726 3220 eo'magis
754 3127 895 3196 laetatus
925 3147 1014 3220 sum,
1042 3125 1075 3196 id
1099 3127 1176 3196 mibi
1202 3126 1389 3217 contigisse,

345 3266 381 3331 ut
393 3261 504 3332 caules
524 3261 700 3347 invenirem
714 3265 806 3357 utos,
826 3285 898 3332 cum
911 3263 983 3354 quia
997 3260 1211 3357 Sternbergio
1226 3265 1309 3332 teste
1316 3252 1390 3352 ”J

414 3561 439 3626 ')
467 3558 512 3614 ct.
530 3558 617 3612 Fossil
638 3558 719 3612 Flora
742 3565 794 3614 torn
808 3559 830 3613 1.
852 3577 912 3630 pag.
930 3559 975 3617 65.
995 3560 1052 3615 tab.
1069 3559 1113 3616 2⁰.
1143 3557 1275 3627 Pbragma
1300 3556 1390 3625 culm·

345 3645 403 3698 daut
422 3642 567 3696 Catamitus
584 3642 740 3712 describitur
756 3651 784 3698 et
804 3643 958 3698 delineatur.

413 3747 450 3811 ⁸⁸)
478 3743 522 3800 Cf.
541 3742 623 3797 Flora
641 3745 688 3798 der
705 3744 835 3813 Vcrvvelt‚
853 3745 898 3798 ubi
916 3745 943 3799 tn
961 3739 1104 3799 tentamine
1116 3743 1249 3808 secundo,
1272 3759 1333 3812 pag.
1350 3741 1386 3795 25

345 3829 456 3898 legitur:
484 3833 581 3893 „unior
598 3829 757 3882 Tauseuden
780 3845 831 3883 von
855 3829 1059 3884 verscbiedeneu
1083 3828 1238 3884 Abdrtlcltcn
1263 3844 1313 3882 aua
1336 3827 1387 3881 deu

345 3912 621 3972 Steiukoblenwerken
639 3911 676 3967 ist
695 3931 744 3968 una
761 3914 828 3970 nccb
851 3911 941 3968 belnae
957 3914 1170 3984 vergelensem,
1188 3915 1236 3968 der
1251 3913 1285 3966 im
1301 3913 1390 3978 Quer-

345 3998 526 4054 durcbscbnitt
539 3997 631 4069 irgecd
648 3999 707 4055 eine
725 4001 795 4072 Spar
811 4001 859 4055 der
875 3999 981 4056 ionem
999 3999 1124 4054 Stmctur
1139 3999 1187 4054 der
1204 3999 1313 4056 l’flanzs
1329 4014 1390 4052 ver·

345 4087 438 4142 ratbcn
459 4083 528 4142 lissa
