3396 5220
356 699 381 740 s.
416 680 554 736 Cesernia
570 680 681 736 minores
697 680 755 734 tere
771 676 954 748 miangulcres.

356 768 376 824 l.
416 764 592 838 Epidermidis
614 763 723 820 evulsae
738 765 893 834 nepueu.

356 870 383 921 g.
420 851 542 906 Cuticule
558 850 660 904 iuterna
680 850 782 907 avulsa.

355 953 383 994 x.
418 935 531 990 Canales
546 935 603 990 sire
620 952 749 989 cavernae
762 935 796 990 ad
809 934 994 1004 longitudinem
1008 938 1118 1005 ruptae,
1143 936 1182 990 ita
1200 941 1230 991 ut
1244 953 1330 992 massa

452 1009 595 1087 erenacea,
615 1037 683 1090 quae
701 1037 747 1074 eas
763 1021 868 1092 explet,
889 1021 955 1074 bene
973 1019 1090 1091 conspici
1109 1022 1201 1092 possit.
1235 1023 1331 1094 Neque

452 1105 534 1161 oculis
559 1104 805 1176 praetermittendae
830 1110 891 1160 suut
911 1103 993 1159 strise
1012 1105 1075 1162 illae
1092 1114 1233 1178 cunetae,
1259 1126 1331 1164 eom·

452 1191 587 1263 pressione
606 1189 727 1248 verticuli
745 1191 840 1244 ledae.

371 1303 435 1380 lug.
456 1300 488 1366 2.
530 1305 666 1382 Ejusdem
700 1302 858 1366 calamitae
892 1303 979 1362 caulis
1010 1309 1170 1364 transverse
1205 1305 1330 1381 dissecti,

289 1421 374 1480 quem
393 1407 452 1482 jam
475 1407 505 1465 in
527 1405 626 1466 tabula
642 1404 733 1482 prima
754 1403 954 1462 delineandum
974 1405 1083 1483 curavi,
1111 1405 1231 1466 alterum
1251 1409 1331 1487 frag.

288 1511 423 1570 mentum.
465 1507 538 1566 Fere
569 1506 696 1582 undique
727 1510 869 1564 structura
892 1505 1004 1564 interna
1030 1506 1124 1566 deleta
1143 1512 1204 1582 est,
1236 1509 1277 1569 ita
1298 1517 1332 1570 ut

288 1605 406 1665 circulus
437 1607 615 1668 solummodo
644 1607 727 1686 niger
756 1611 913 1686 appareat,
948 1625 1120 1686 quamquam
1144 1615 1176 1670 et
1199 1610 1275 1672 intra
1300 1617 1331 1671 et

288 1712 369 1767 extra
389 1709 533 1771 dentatus.
732 1703 735 1709 ’

356 1821 376 1878 f.
417 1821 591 1892 Epidcrmidis
610 1821 719 1876 avulsae
738 1821 892 1891 fragmenta.

357 1905 383 1962 lu.
419 1905 596 1960 Cavernsrum
613 1905 755 1975 vestigia·

356 1990 376 2045 i.
422 1991 551 2046 Vesorum
572 1992 677 2058 fasces,
701 1990 782 2045 mulis
800 1988 991 2061 compressione
1007 1991 1148 2061 irregulari
1166 1991 1242 2048 modo
1259 1993 1331 2050 leoe-

454 2076 508 2131 rati
525 2083 554 2131 et
571 2075 640 2132 iuter
657 2093 687 2130 se
705 2074 836 2145 disjnncd

711 2267 807 2336 usu.
845 2265 905 2336 111.
963 2235 965 2240 ’

372 2431 435 2510 lug.
457 2427 486 2492 l.
507 2431 569 2510 lug.
590 2427 621 2492 2.
642 2432 706 2510 lug.
726 2426 756 2490 3.
777 2431 840 2510 rig.
860 2427 891 2491 4.
929 2429 1058 2492 Caulium
1080 2431 1219 2492 sectiones
1239 2439 1333 2494 mans

288 2551 385 2592 versae
407 2534 609 2610 Equisetorum
634 2533 789 2608 variorum,
818 2531 916 2610 quales
946 2533 976 2590 in
999 2540 1185 2612 conspectum
1205 2536 1333 2614 veniunt,

288 2633 337 2692 ubi
362 2641 471 2694 armato
497 2634 578 2694 oculo
601 2654 650 2694 eas
671 2634 808 2712 adspicis:
845 2654 880 2694 ex
900 2633 953 2692 illis
975 2632 1229 2713 delineationibus,
1260 2655 1332 2713 quas

289 2735 370 2794 dedit
401 2736 570 2796 Bischoffius
597 2737 627 2794 in
654 2753 741 2816 opere
766 2735 869 2794 citato:
905 2732 960 2793 Die
980 2734 1249 2815 kryptogamischem
1273 2739 1333 2799 Ge-

290 2836 400 2896 wiclrse
419 2843 492 2912 ete,
515 2838 608 2896 sactae
628 2842 706 2896 sunt.

373 2955 436 3032 Fig.
461 2951 490 3016 5.
533 2955 630 3015 Caulis
651 2952 797 3022 calamitici
817 2957 978 3012 transverse
997 2951 1113 3012 dissecti
1133 2954 1333 3038 fragmentum,

290 3055 434 3115 verissima
460 3057 568 3138 forma,
599 3056 711 3136 qualem
740 3053 877 3131 conjicere
914 3053 980 3113 licet
1012 3060 1208 3134 comparatum
1236 3058 1332 3137 fuisse,

290 3176 353 3215 cum
375 3157 441 3216 olim
462 3158 579 3217 viveret.
621 3157 815 3216 Animadverti
825 3159 923 3234 potest
936 3173 1118 3215 cavernarum
1138 3153 1182 3232 (et
1196 3159 1333 3234 majorum
1440 3227 1442 3232 ,

291 3263 323 3317 et
343 3256 495 3337 minorum)
515 3258 630 3337 inipso
650 3256 867 3335 parenclrymate
889 3257 1007 3316 sitamm
1030 3255 1135 3333 duplex
1156 3258 1241 3329 ordo;
1262 3260 1334 3319 euti·

291 3357 355 3418 cula
381 3358 493 3416 interna
516 3363 546 3416 et
573 3357 659 3417 caulis
685 3356 855 3433 epidermis,
892 3355 949 3414 tela
975 3355 1108 3415 cellulosa
1132 3353 1205 3414 caui
1232 3357 1333 3432 affixa3

291 3479 423 3520 vasorum
451 3457 565 3517 fascium
587 3457 751 3536 dispositio,
779 3471 933 3530 eorumque
952 3474 1095 3514 connexus
1115 3475 1179 3515 eum
1199 3457 1334 3520 dentibus

292 3561 400 3638 (striis,
424 3560 473 3620 ubi
494 3558 581 3619 caulis
601 3577 653 3639 per
673 3557 879 3646 longitudinem
901 3562 969 3615 ante
988 3555 1085 3617 oeulos
1105 3557 1216 3636 positus
1233 3563 1303 3639 est).

376 3677 439 3756 mg.
465 3673 497 3741 6.
540 3676 698 3736 Calamitae
732 3674 819 3735 caulis
850 3674 1029 3734 vehementer
1062 3678 1217 3754 compressi
1246 3679 1335 3742 sectio

295 3785 464 3838 transverse
507 3779 672 3838 Structurae
706 3777 854 3849 internae,
888 3777 1020 3836 dentibus
1051 3777 1196 3858 exceptis,
1228 3780 1335 3842 nullum

293 3880 443 3956 vestigium
473 3893 613 3957 superest.
656 3878 740 3939 Talia
765 3877 893 3958 exempla
913 3878 1075 3958 saepissime
1097 3878 1278 3942 inveniuntur
1298 3882 1336 3942 ab

294 3999 345 4057 eo,
366 3980 417 4056 qui
437 3987 535 4059 cavet,
564 4000 601 4040 ne
621 4000 715 4042 massa
735 3980 849 4063 lapidea
869 3999 941 4058 quae
962 3980 1070 4040 caulem
1092 3979 1246 4042 circumdat
1266 3982 1336 4060 abji-

293 4081 390 4141 cietur.
