<?xml version="1.0" encoding="UTF-8"?>
<!DOCTYPE html PUBLIC "-//W3C//DTD XHTML 1.0 Transitional//EN"
    "http://www.w3.org/TR/xhtml1/DTD/xhtml1-transitional.dtd">
<html xmlns="http://www.w3.org/1999/xhtml" xml:lang="en" lang="en">
 <head>
  <title>
</title>
<meta http-equiv="Content-Type" content="text/html;charset=utf-8" />
  <meta name='ocr-system' content='tesseract 3.04.00' />
  <meta name='ocr-capabilities' content='ocr_page ocr_carea ocr_par ocr_line ocrx_word'/>
</head>
<body>
  <div class='ocr_page' id='page_1' title='image "./decalamitisetli00petzgoog_0047.png"; bbox 0 0 3396 5220; ppageno 0'>
   <div class='ocr_carea' id='block_1_1' title="bbox 510 1227 1239 1382">
    <p class='ocr_par' dir='ltr' id='par_1_1' title="bbox 510 1227 1239 1382">
     <span class='ocr_line' id='line_1_1' title="bbox 510 1227 1239 1382; baseline 0.003 -24"><span class='ocrx_word' id='word_1_1' title='bbox 510 1272 847 1382; x_wconf 73' lang='lat' dir='ltr'><strong>Emplo‘oato‘o</strong></span> <span class='ocrx_word' id='word_1_2' title='bbox 863 1227 1239 1362; x_wconf 31' lang='lat' dir='ltr'><strong>&#39;Tabularum</strong></span> 
     </span>
    </p>
   </div>
   <div class='ocr_carea' id='block_1_2' title="bbox 794 1522 961 1532">
    <p class='ocr_par' dir='ltr' id='par_1_2' title="bbox 794 1522 961 1532">
     <span class='ocr_line' id='line_1_2' title="bbox 794 1522 961 1532; baseline 0 0"><span class='ocrx_word' id='word_1_3' title='bbox 794 1522 961 1532; x_wconf 52' lang='lat' dir='ltr'><strong>-u—-m—-u-</strong></span> 
     </span>
    </p>
   </div>
   <div class='ocr_carea' id='block_1_3' title="bbox 797 1699 956 1792">
    <p class='ocr_par' dir='ltr' id='par_1_3' title="bbox 797 1699 956 1792">
     <span class='ocr_line' id='line_1_3' title="bbox 797 1699 956 1792; baseline 0 -24"><span class='ocrx_word' id='word_1_4' title='bbox 797 1700 895 1769; x_wconf 70' lang='grc' dir='ltr'><strong>Μ.</strong></span> <span class='ocrx_word' id='word_1_5' title='bbox 916 1699 956 1792; x_wconf 89' lang='lat' dir='ltr'><strong>l.</strong></span> 
     </span>
    </p>
   </div>
   <div class='ocr_carea' id='block_1_4' title="bbox 352 1861 1397 2534">
    <p class='ocr_par' dir='ltr' id='par_1_4' title="bbox 352 1861 1397 2534">
     <span class='ocr_line' id='line_1_4' title="bbox 438 1861 1397 1944; baseline 0 -18"><span class='ocrx_word' id='word_1_6' title='bbox 438 1861 568 1926; x_wconf 80' lang='lat' dir='ltr'><strong>Arenarii</strong></span> <span class='ocrx_word' id='word_1_7' title='bbox 597 1862 822 1926; x_wconf 84' lang='lat' dir='ltr'><strong>lithanthraoarii</strong></span> <span class='ocrx_word' id='word_1_8' title='bbox 848 1865 1055 1944; x_wconf 74' lang='lat' dir='ltr'><strong>fragmentum,</strong></span> <span class='ocrx_word' id='word_1_9' title='bbox 1087 1867 1166 1942; x_wconf 75' lang='lat' dir='ltr'><strong>quoii</strong></span> <span class='ocrx_word' id='word_1_10' title='bbox 1192 1863 1300 1924; x_wconf 88' lang='lat' dir='ltr'><strong>oaulem</strong></span> <span class='ocrx_word' id='word_1_11' title='bbox 1322 1865 1397 1941; x_wconf 82' lang='lat' dir='ltr'><strong>uala-</strong></span> 
     </span>
     <span class='ocr_line' id='line_1_5' title="bbox 352 1965 1397 2026; baseline -0.002 0"><span class='ocrx_word' id='word_1_12' title='bbox 352 1965 477 2026; x_wconf 85' lang='lat' dir='ltr'><strong>mitioum</strong></span> <span class='ocrx_word' id='word_1_13' title='bbox 507 1971 667 2026; x_wconf 73' lang='lat' dir='ltr'><strong>transverse</strong></span> <span class='ocrx_word' id='word_1_14' title='bbox 697 1967 852 2026; x_wconf 78' lang='lat' dir='ltr'><strong>dierectum</strong></span> <span class='ocrx_word' id='word_1_15' title='bbox 877 1967 1013 2025; x_wconf 87' lang='lat' dir='ltr'><strong>eontinet.</strong></span> <span class='ocrx_word' id='word_1_16' title='bbox 1055 1965 1154 2024; x_wconf 87' lang='lat' dir='ltr'><strong>Inveni</strong></span> <span class='ocrx_word' id='word_1_17' title='bbox 1179 1966 1210 2024; x_wconf 86' lang='lat' dir='ltr'><strong>id</strong></span> <span class='ocrx_word' id='word_1_18' title='bbox 1235 1965 1265 2022; x_wconf 89' lang='lat' dir='ltr'><strong>in</strong></span> <span class='ocrx_word' id='word_1_19' title='bbox 1291 1965 1397 2024; x_wconf 75' lang='lat' dir='ltr'>fodinis</span> 
     </span>
     <span class='ocr_line' id='line_1_6' title="bbox 354 2064 1396 2146; baseline -0.001 -21"><span class='ocrx_word' id='word_1_20' title='bbox 354 2085 444 2146; x_wconf 87' lang='lat' dir='ltr'>prope</span> <span class='ocrx_word' id='word_1_21' title='bbox 456 2066 607 2130; x_wconf 83' lang='lat' dir='ltr'><strong>Gittersee.</strong></span> <span class='ocrx_word' id='word_1_22' title='bbox 649 2067 732 2137; x_wconf 82' lang='lat' dir='ltr'><strong>Quae</strong></span> <span class='ocrx_word' id='word_1_23' title='bbox 751 2072 847 2146; x_wconf 75' lang='lat' dir='ltr'><strong>parler</strong></span> <span class='ocrx_word' id='word_1_24' title='bbox 868 2067 967 2146; x_wconf 82' lang='lat' dir='ltr'>nigrae</span> <span class='ocrx_word' id='word_1_25' title='bbox 988 2067 1034 2144; x_wconf 90' lang='lat' dir='ltr'><strong>(in</strong></span> <span class='ocrx_word' id='word_1_26' title='bbox 1049 2065 1264 2125; x_wconf 79' lang='lat' dir='ltr'><strong>lithanrhraoem</strong></span> <span class='ocrx_word' id='word_1_27' title='bbox 1284 2064 1396 2146; x_wconf 78' lang='lat' dir='ltr'><strong>versae)</strong></span> 
     </span>
     <span class='ocr_line' id='line_1_7' title="bbox 353 2165 1396 2246; baseline 0.002 -20"><span class='ocrx_word' id='word_1_28' title='bbox 353 2173 512 2246; x_wconf 81' lang='lat' dir='ltr'><strong>apparent,</strong></span> <span class='ocrx_word' id='word_1_29' title='bbox 548 2169 665 2228; x_wconf 86' lang='lat' dir='ltr'><strong>suerunt</strong></span> <span class='ocrx_word' id='word_1_30' title='bbox 687 2168 958 2246; x_wconf 84' lang='lat' dir='ltr'><strong>pareuchymatosae</strong></span> <span class='ocrx_word' id='word_1_31' title='bbox 986 2165 1092 2228; x_wconf 75' lang='lat' dir='ltr'><strong>scilieet</strong></span> <span class='ocrx_word' id='word_1_32' title='bbox 1120 2165 1179 2226; x_wconf 85' lang='lat' dir='ltr'><strong>tela</strong></span> <span class='ocrx_word' id='word_1_33' title='bbox 1206 2166 1340 2226; x_wconf 81' lang='lat' dir='ltr'><strong>cellulosa</strong></span> <span class='ocrx_word' id='word_1_34' title='bbox 1365 2173 1396 2228; x_wconf 83' lang='lat' dir='ltr'><strong>ei</strong></span> 
     </span>
     <span class='ocr_line' id='line_1_8' title="bbox 352 2269 1397 2354; baseline 0.001 -27"><span class='ocrx_word' id='word_1_35' title='bbox 352 2287 484 2330; x_wconf 73' lang='lat' dir='ltr'><strong>vanorum</strong></span> <span class='ocrx_word' id='word_1_36' title='bbox 512 2271 618 2344; x_wconf 79' lang='lat' dir='ltr'><strong>lascee3</strong></span> <span class='ocrx_word' id='word_1_37' title='bbox 642 2270 752 2330; x_wconf 91' lang='lat' dir='ltr'><strong>albidae</strong></span> <span class='ocrx_word' id='word_1_38' title='bbox 771 2276 868 2330; x_wconf 85' lang='lat' dir='ltr'><strong>nutem</strong></span> <span class='ocrx_word' id='word_1_39' title='bbox 884 2288 958 2346; x_wconf 84' lang='lat' dir='ltr'><strong>quae</strong></span> <span class='ocrx_word' id='word_1_40' title='bbox 979 2274 1048 2330; x_wconf 78' lang='lat' dir='ltr'><strong>nunt</strong></span> <span class='ocrx_word' id='word_1_41' title='bbox 1067 2269 1247 2354; x_wconf 81' lang='lat' dir='ltr'><strong>interjectae,</strong></span> <span class='ocrx_word' id='word_1_42' title='bbox 1280 2269 1397 2354; x_wconf 77' lang='lat' dir='ltr'><strong>luerunt</strong></span> 
     </span>
     <span class='ocr_line' id='line_1_9' title="bbox 352 2357 1396 2450; baseline -0.001 -20"><span class='ocrx_word' id='word_1_43' title='bbox 352 2389 488 2430; x_wconf 87' lang='lat' dir='ltr'><strong>cavernae</strong></span> <span class='ocrx_word' id='word_1_44' title='bbox 510 2371 701 2450; x_wconf 85' lang='lat' dir='ltr'><strong>periphericae</strong></span> <span class='ocrx_word' id='word_1_45' title='bbox 727 2373 788 2434; x_wconf 82' lang='lat' dir='ltr'><strong>nive</strong></span> <span class='ocrx_word' id='word_1_46' title='bbox 815 2371 929 2434; x_wconf 83' lang='lat' dir='ltr'><strong>nauales</strong></span> <span class='ocrx_word' id='word_1_47' title='bbox 953 2373 991 2432; x_wconf 85' lang='lat' dir='ltr'><strong>ad</strong></span> <span class='ocrx_word' id='word_1_48' title='bbox 1012 2370 1097 2430; x_wconf 82' lang='lat' dir='ltr'><strong>caulis</strong></span> <span class='ocrx_word' id='word_1_49' title='bbox 1121 2369 1327 2450; x_wconf 83' lang='lat' dir='ltr'><strong>longitudinem</strong></span> <span class='ocrx_word' id='word_1_50' title='bbox 1346 2357 1396 2429; x_wconf 63' lang='lat' dir='ltr'><strong>dess</strong></span> 
     </span>
     <span class='ocr_line' id='line_1_10' title="bbox 352 2477 1144 2534; baseline -0.001 -4"><span class='ocrx_word' id='word_1_51' title='bbox 352 2477 505 2534; x_wconf 84' lang='lat' dir='ltr'><strong>currentes.</strong></span> <span class='ocrx_word' id='word_1_52' title='bbox 1140 2487 1144 2494; x_wconf 85' lang='grc'><strong>’</strong></span> 
     </span>
    </p>
   </div>
   <div class='ocr_carea' id='block_1_5' title="bbox 419 2584 1396 3422">
    <p class='ocr_par' dir='ltr' id='par_1_5' title="bbox 421 2584 1031 2655">
     <span class='ocr_line' id='line_1_11' title="bbox 421 2584 1031 2655; baseline 0.005 -15"><span class='ocrx_word' id='word_1_53' title='bbox 421 2603 447 2640; x_wconf 87' lang='lat' dir='ltr'><strong>a.</strong></span> <span class='ocrx_word' id='word_1_54' title='bbox 483 2586 595 2640; x_wconf 73' lang='lat' dir='ltr'><strong>Canales</strong></span> <span class='ocrx_word' id='word_1_55' title='bbox 609 2584 668 2639; x_wconf 79' lang='lat' dir='ltr'><strong>nive</strong></span> <span class='ocrx_word' id='word_1_56' title='bbox 681 2602 811 2642; x_wconf 79' lang='lat' dir='ltr'><strong>cavernae</strong></span> <span class='ocrx_word' id='word_1_57' title='bbox 827 2586 885 2640; x_wconf 82' lang='lat' dir='ltr'><strong>fere</strong></span> <span class='ocrx_word' id='word_1_58' title='bbox 899 2585 1031 2655; x_wconf 71' lang='lat' dir='ltr'><strong>integrae.</strong></span> 
     </span>
    </p>

    <p class='ocr_par' dir='ltr' id='par_1_6' title="bbox 419 2671 1168 2744">
     <span class='ocr_line' id='line_1_12' title="bbox 419 2671 1168 2744; baseline -0.003 -18"><span class='ocrx_word' id='word_1_59' title='bbox 419 2673 447 2732; x_wconf 89' lang='lat' dir='ltr'><strong>b.</strong></span> <span class='ocrx_word' id='word_1_60' title='bbox 482 2673 618 2726; x_wconf 81' lang='lat' dir='ltr'><strong>cavernae</strong></span> <span class='ocrx_word' id='word_1_61' title='bbox 635 2671 762 2728; x_wconf 82' lang='lat' dir='ltr'><strong>adverrur</strong></span> <span class='ocrx_word' id='word_1_62' title='bbox 778 2671 860 2726; x_wconf 80' lang='lat' dir='ltr'><strong>ouullr</strong></span> <span class='ocrx_word' id='word_1_63' title='bbox 877 2672 1050 2744; x_wconf 89' lang='lat' dir='ltr'><strong>peripherlam</strong></span> <span class='ocrx_word' id='word_1_64' title='bbox 1066 2675 1168 2742; x_wconf 79' lang='lat' dir='ltr'><strong>ruptae</strong></span> 
     </span>
    </p>

    <p class='ocr_par' dir='ltr' id='par_1_7' title="bbox 423 2753 1396 3067">
     <span class='ocr_line' id='line_1_13' title="bbox 423 2753 1396 2830; baseline 0 -19"><span class='ocrx_word' id='word_1_65' title='bbox 423 2775 448 2816; x_wconf 87' lang='lat' dir='ltr'><strong>e.</strong></span> <span class='ocrx_word' id='word_1_66' title='bbox 483 2757 638 2822; x_wconf 77' lang='lat' dir='ltr'><strong>cavernae,</strong></span> <span class='ocrx_word' id='word_1_67' title='bbox 674 2759 783 2827; x_wconf 81' lang='lat' dir='ltr'><strong>quarum</strong></span> <span class='ocrx_word' id='word_1_68' title='bbox 813 2757 930 2830; x_wconf 73' lang='lat' dir='ltr'><strong>pariete·</strong></span> <span class='ocrx_word' id='word_1_69' title='bbox 958 2776 1010 2813; x_wconf 91' lang='lat' dir='ltr'><strong>nou</strong></span> <span class='ocrx_word' id='word_1_70' title='bbox 1039 2756 1121 2814; x_wconf 78' lang='lat' dir='ltr'><strong>nolum</strong></span> <span class='ocrx_word' id='word_1_71' title='bbox 1151 2755 1279 2810; x_wconf 73' lang='lat' dir='ltr'><strong>adversus</strong></span> <span class='ocrx_word' id='word_1_72' title='bbox 1315 2753 1396 2811; x_wconf 81' lang='lat' dir='ltr'><strong>oaulir</strong></span> 
     </span>
     <span class='ocr_line' id='line_1_14' title="bbox 517 2839 1396 2914; baseline 0.002 -20"><span class='ocrx_word' id='word_1_73' title='bbox 517 2841 692 2912; x_wconf 86' lang='lat' dir='ltr'><strong>peripherlam</strong></span> <span class='ocrx_word' id='word_1_74' title='bbox 727 2843 774 2898; x_wconf 78' lang='lat' dir='ltr'><strong>red</strong></span> <span class='ocrx_word' id='word_1_75' title='bbox 799 2843 880 2900; x_wconf 80' lang='lat' dir='ltr'><strong>etiam</strong></span> <span class='ocrx_word' id='word_1_76' title='bbox 914 2850 1030 2900; x_wconf 81' lang='lat' dir='ltr'><strong>centrum</strong></span> <span class='ocrx_word' id='word_1_77' title='bbox 1058 2850 1153 2914; x_wconf 84' lang='lat' dir='ltr'><strong>ruptae</strong></span> <span class='ocrx_word' id='word_1_78' title='bbox 1185 2847 1264 2906; x_wconf 73' lang='lat' dir='ltr'><strong>runt,</strong></span> <span class='ocrx_word' id='word_1_79' title='bbox 1299 2839 1338 2896; x_wconf 82' lang='lat' dir='ltr'><strong>ita</strong></span> <span class='ocrx_word' id='word_1_80' title='bbox 1366 2847 1396 2896; x_wconf 80' lang='lat' dir='ltr'><strong>ut</strong></span> 
     </span>
     <span class='ocr_line' id='line_1_15' title="bbox 517 2925 1395 3000; baseline 0.006 -23"><span class='ocrx_word' id='word_1_81' title='bbox 517 2926 713 2980; x_wconf 79' lang='lat' dir='ltr'><strong>communicatio</strong></span> <span class='ocrx_word' id='word_1_82' title='bbox 739 2925 776 2982; x_wconf 77' lang='lat' dir='ltr'><strong>eit</strong></span> <span class='ocrx_word' id='word_1_83' title='bbox 801 2927 872 2981; x_wconf 82' lang='lat' dir='ltr'><strong>inter</strong></span> <span class='ocrx_word' id='word_1_84' title='bbox 897 2945 1007 2986; x_wconf 75' lang='lat' dir='ltr'><strong>marram</strong></span> <span class='ocrx_word' id='word_1_85' title='bbox 1035 2944 1104 3000; x_wconf 73' lang='lat' dir='ltr'><strong>qune</strong></span> <span class='ocrx_word' id='word_1_86' title='bbox 1132 2925 1230 2980; x_wconf 81' lang='lat' dir='ltr'><strong>caulem</strong></span> <span class='ocrx_word' id='word_1_87' title='bbox 1255 2925 1344 2996; x_wconf 84' lang='lat' dir='ltr'><strong>explet</strong></span> <span class='ocrx_word' id='word_1_88' title='bbox 1366 2932 1395 2982; x_wconf 82' lang='lat' dir='ltr'><strong>et</strong></span> 
     </span>
     <span class='ocr_line' id='line_1_16' title="bbox 518 3009 1388 3067; baseline 0.002 -5"><span class='ocrx_word' id='word_1_89' title='bbox 518 3009 673 3067; x_wconf 77' lang='lat' dir='ltr'><strong>circumdat.</strong></span> <span class='ocrx_word' id='word_1_90' title='bbox 705 3031 708 3038; x_wconf 90' lang='lat'>·</span> <span class='ocrx_word' id='word_1_91' title='bbox 950 3055 952 3058; x_wconf 95' lang='lat'>.</span> <span class='ocrx_word' id='word_1_92' title='bbox 1206 3031 1209 3038; x_wconf 83' lang='grc'>’</span> <span class='ocrx_word' id='word_1_93' title='bbox 1331 3031 1334 3038; x_wconf 74' lang='grc'><strong>’</strong></span> <span class='ocrx_word' id='word_1_94' title='bbox 1383 3025 1388 3038; x_wconf 77' lang='grc'><strong>’</strong></span> 
     </span>
    </p>

    <p class='ocr_par' dir='ltr' id='par_1_8' title="bbox 423 3091 1395 3422">
     <span class='ocr_line' id='line_1_17' title="bbox 423 3091 1395 3164; baseline -0.005 -14"><span class='ocrx_word' id='word_1_95' title='bbox 423 3097 466 3151; x_wconf 85' lang='lat' dir='ltr'><strong>o*.</strong></span> <span class='ocrx_word' id='word_1_96' title='bbox 499 3094 674 3159; x_wconf 73' lang='lat' dir='ltr'><strong>demonstrat,</strong></span> <span class='ocrx_word' id='word_1_97' title='bbox 704 3093 850 3164; x_wconf 85' lang='lat' dir='ltr'><strong>quomodo,</strong></span> <span class='ocrx_word' id='word_1_98' title='bbox 885 3111 942 3150; x_wconf 86' lang='lat' dir='ltr'><strong>oum</strong></span> <span class='ocrx_word' id='word_1_99' title='bbox 963 3093 1083 3147; x_wconf 82' lang='lat' dir='ltr'><strong>verticali</strong></span> <span class='ocrx_word' id='word_1_100' title='bbox 1104 3093 1185 3146; x_wconf 86' lang='lat' dir='ltr'><strong>eanlir</strong></span> <span class='ocrx_word' id='word_1_101' title='bbox 1205 3091 1395 3162; x_wconf 65' lang='lat' dir='ltr'><strong>eomprerdoue</strong></span> 
     </span>
     <span class='ocr_line' id='line_1_18' title="bbox 517 3179 1395 3250; baseline -0.002 -18"><span class='ocrx_word' id='word_1_102' title='bbox 517 3186 697 3248; x_wconf 75' lang='lat' dir='ltr'><strong>rumperentur</strong></span> <span class='ocrx_word' id='word_1_103' title='bbox 710 3196 843 3234; x_wconf 80' lang='lat' dir='ltr'><strong>cavernae</strong></span> <span class='ocrx_word' id='word_1_104' title='bbox 859 3179 1053 3250; x_wconf 83' lang='lat' dir='ltr'><strong>peripherioae,</strong></span> <span class='ocrx_word' id='word_1_105' title='bbox 1074 3181 1172 3233; x_wconf 80' lang='lat' dir='ltr'><strong>facturn</strong></span> <span class='ocrx_word' id='word_1_106' title='bbox 1190 3179 1241 3244; x_wconf 80' lang='lat' dir='ltr'><strong>rit,</strong></span> <span class='ocrx_word' id='word_1_107' title='bbox 1258 3185 1289 3232; x_wconf 83' lang='lat' dir='ltr'><strong>ut</strong></span> <span class='ocrx_word' id='word_1_108' title='bbox 1303 3179 1338 3231; x_wconf 88' lang='lat' dir='ltr'><strong>ab</strong></span> <span class='ocrx_word' id='word_1_109' title='bbox 1353 3179 1395 3230; x_wconf 84' lang='lat' dir='ltr'><strong>el·</strong></span> 
     </span>
     <span class='ocr_line' id='line_1_19' title="bbox 518 3263 1394 3336; baseline -0.001 -19"><span class='ocrx_word' id='word_1_110' title='bbox 518 3263 617 3317; x_wconf 80' lang='lat' dir='ltr'><strong>fluente</strong></span> <span class='ocrx_word' id='word_1_111' title='bbox 634 3280 761 3317; x_wconf 83' lang='lat' dir='ltr'><strong>areuaoea</strong></span> <span class='ocrx_word' id='word_1_112' title='bbox 778 3281 878 3331; x_wconf 79' lang='lat' dir='ltr'><strong>marra,</strong></span> <span class='ocrx_word' id='word_1_113' title='bbox 898 3282 968 3335; x_wconf 83' lang='lat' dir='ltr'><strong>quae</strong></span> <span class='ocrx_word' id='word_1_114' title='bbox 985 3280 1113 3319; x_wconf 79' lang='lat' dir='ltr'><strong>onvernnr</strong></span> <span class='ocrx_word' id='word_1_115' title='bbox 1130 3272 1209 3318; x_wconf 80' lang='lat' dir='ltr'><strong>antea</strong></span> <span class='ocrx_word' id='word_1_116' title='bbox 1229 3263 1394 3336; x_wconf 80' lang='lat' dir='ltr'><strong>expleverat,</strong></span> 
     </span>
     <span class='ocr_line' id='line_1_20' title="bbox 519 3347 1178 3422; baseline 0.005 -18"><span class='ocrx_word' id='word_1_117' title='bbox 519 3349 620 3420; x_wconf 81' lang='lat' dir='ltr'><strong>aliquot</strong></span> <span class='ocrx_word' id='word_1_118' title='bbox 634 3347 843 3420; x_wconf 76' lang='lat' dir='ltr'><strong>pareuchymatio</strong></span> <span class='ocrx_word' id='word_1_119' title='bbox 856 3356 946 3421; x_wconf 80' lang='lat' dir='ltr'><strong>parter</strong></span> <span class='ocrx_word' id='word_1_120' title='bbox 963 3349 1178 3422; x_wconf 83' lang='lat' dir='ltr'><strong>propellerentur.</strong></span> 
     </span>
    </p>
   </div>
   <div class='ocr_carea' id='block_1_6' title="bbox 787 3541 960 3611">
    <p class='ocr_par' dir='ltr' id='par_1_9' title="bbox 787 3541 960 3611">
     <span class='ocr_line' id='line_1_21' title="bbox 787 3541 960 3611; baseline 0.017 -3"><span class='ocrx_word' id='word_1_121' title='bbox 787 3541 883 3610; x_wconf 74' lang='lat' dir='ltr'><strong>&#39;l&#39;aln</strong></span> <span class='ocrx_word' id='word_1_122' title='bbox 917 3542 960 3611; x_wconf 88' lang='grc' dir='ltr'><strong>Π.</strong></span> 
     </span>
    </p>
   </div>
   <div class='ocr_carea' id='block_1_7' title="bbox 350 3687 1395 3888">
    <p class='ocr_par' dir='ltr' id='par_1_10' title="bbox 350 3687 1395 3888">
     <span class='ocr_line' id='line_1_22' title="bbox 373 3687 1395 3786; baseline -0.001 -20"><span class='ocrx_word' id='word_1_123' title='bbox 373 3687 378 3694; x_wconf 46' lang='grc'>’</span> <span class='ocrx_word' id='word_1_124' title='bbox 435 3707 497 3785; x_wconf 74' lang='lat' dir='ltr'><strong>mg.</strong></span> <span class='ocrx_word' id='word_1_125' title='bbox 516 3701 544 3765; x_wconf 93' lang='lat' dir='ltr'><strong>l.</strong></span> <span class='ocrx_word' id='word_1_126' title='bbox 587 3705 743 3767; x_wconf 69' lang='lat' dir='ltr'><strong>Calaminae</strong></span> <span class='ocrx_word' id='word_1_127' title='bbox 774 3705 874 3785; x_wconf 75' lang='lat' dir='ltr'><strong>caulis,</strong></span> <span class='ocrx_word' id='word_1_128' title='bbox 907 3726 924 3767; x_wconf 94' lang='lat' dir='ltr'><strong>e</strong></span> <span class='ocrx_word' id='word_1_129' title='bbox 954 3708 1059 3768; x_wconf 79' lang='lat' dir='ltr'><strong>fodinis</strong></span> <span class='ocrx_word' id='word_1_130' title='bbox 1090 3725 1180 3786; x_wconf 91' lang='lat' dir='ltr'><strong>prope</strong></span> <span class='ocrx_word' id='word_1_131' title='bbox 1209 3704 1395 3766; x_wconf 81' lang='lat' dir='ltr'><strong>Zauekerode</strong></span> 
     </span>
     <span class='ocr_line' id='line_1_23' title="bbox 350 3807 595 3888; baseline -0.012 -19"><span class='ocrx_word' id='word_1_132' title='bbox 350 3809 434 3888; x_wconf 71' lang='lat' dir='ltr'><strong>regiis</strong></span> <span class='ocrx_word' id='word_1_133' title='bbox 451 3807 595 3872; x_wconf 82' lang='lat' dir='ltr'><strong>oriundus.</strong></span> 
     </span>
    </p>
   </div>
   <div class='ocr_carea' id='block_1_8' title="bbox 421 3913 1393 4164">
    <p class='ocr_par' dir='ltr' id='par_1_11' title="bbox 421 3913 1393 4164">
     <span class='ocr_line' id='line_1_24' title="bbox 421 3913 952 3993; baseline 0.002 -15"><span class='ocrx_word' id='word_1_134' title='bbox 421 3941 446 3981; x_wconf 85' lang='lat' dir='ltr'><strong>a.</strong></span> <span class='ocrx_word' id='word_1_135' title='bbox 481 3913 617 3975; x_wconf 73' lang='lat' dir='ltr'><strong>cavernae</strong></span> <span class='ocrx_word' id='word_1_136' title='bbox 635 3920 765 3991; x_wconf 70' lang='lat' dir='ltr'><strong>integrae,</strong></span> <span class='ocrx_word' id='word_1_137' title='bbox 782 3939 833 3978; x_wconf 91' lang='lat' dir='ltr'><strong>uon</strong></span> <span class='ocrx_word' id='word_1_138' title='bbox 849 3927 952 3993; x_wconf 79' lang='lat' dir='ltr'><strong>rupino.</strong></span> 
     </span>
     <span class='ocr_line' id='line_1_25' title="bbox 421 4004 1393 4077; baseline -0.004 -14"><span class='ocrx_word' id='word_1_139' title='bbox 421 4011 447 4066; x_wconf 85' lang='lat' dir='ltr'><strong>d.</strong></span> <span class='ocrx_word' id='word_1_140' title='bbox 482 4006 551 4064; x_wconf 87' lang='lat' dir='ltr'><strong>&#39;l&#39;eln</strong></span> <span class='ocrx_word' id='word_1_141' title='bbox 572 4007 712 4072; x_wconf 80' lang='lat' dir='ltr'><strong>oellulora,</strong></span> <span class='ocrx_word' id='word_1_142' title='bbox 742 4023 796 4077; x_wconf 90' lang='lat' dir='ltr'><strong>qua</strong></span> <span class='ocrx_word' id='word_1_143' title='bbox 817 4008 931 4064; x_wconf 79' lang='lat' dir='ltr'><strong>euliouln</strong></span> <span class='ocrx_word' id='word_1_144' title='bbox 956 4007 1059 4065; x_wconf 75' lang='lat' dir='ltr'><strong>interna</strong></span> <span class='ocrx_word' id='word_1_145' title='bbox 1090 4007 1231 4076; x_wconf 76' lang='lat' dir='ltr'><strong>conjunctu</strong></span> <span class='ocrx_word' id='word_1_146' title='bbox 1263 4004 1315 4060; x_wconf 79' lang='lat' dir='ltr'><strong>ruit</strong></span> <span class='ocrx_word' id='word_1_147' title='bbox 1335 4020 1393 4059; x_wconf 82' lang='lat' dir='ltr'><strong>eum</strong></span> 
     </span>
     <span class='ocr_line' id='line_1_26' title="bbox 518 4091 824 4164; baseline 0.01 -17"><span class='ocrx_word' id='word_1_148' title='bbox 518 4091 600 4147; x_wconf 73' lang='lat' dir='ltr'><strong>caulis</strong></span> <span class='ocrx_word' id='word_1_149' title='bbox 617 4091 824 4164; x_wconf 78' lang='lat' dir='ltr'><strong>parenehyurate.</strong></span> 
     </span>
    </p>
   </div>
   <div class='ocr_carea' id='block_1_9' title="bbox 0 0 1702 5220">
    <p class='ocr_par' dir='ltr' id='par_1_12' title="bbox 0 0 1702 5220">
     <span class='ocr_line' id='line_1_27' title="bbox 0 0 1702 5220; baseline 0 2"><span class='ocrx_word' id='word_1_150' title='bbox 0 0 1702 5220; x_wconf 95' lang='lat' dir='ltr'><strong> </strong></span> 
     </span>
    </p>
   </div>
  </div>
 </body>
</html>
