3396 5220
354 501 404 572 34

352 705 460 776 dicore
488 681 623 797 poterit,
664 705 726 772 nisi
752 708 866 796 untes,
909 724 970 794 quo
996 701 1126 776 'auxilio
1153 711 1185 775 et
1210 729 1270 800 quo
1296 713 1391 782 modo

351 844 604 934 experimentum
631 841 675 907 sit
701 839 895 934 institutum,
923 845 1124 934 cognoverit.

426 955 579 1044 Primum
593 975 731 1066 pyxides
758 975 839 1044 duos
858 971 967 1046 confici
983 980 1067 1065 jussi
1089 976 1178 1048 ferro
1204 973 1276 1049 iuso
1306 978 1390 1070 (ness

341 1135 412 1204 ·que
443 1111 533 1202 lerro
564 1132 659 1181 cusso
676 1118 768 1180 'usus
790 1107 903 1204 sum,
926 1113 999 1203 quis
1025 1105 1229 1183 Carboneum
1256 1116 1390 1186 decom-

350 1251 518 1342 positionis
557 1239 784 1336 productorum
818 1266 860 1316 ex
900 1245 1057 1317 affinitate
1074 1235 1165 1318 'cum
1183 1295 1188 1305 -
1203 1249 1292 1320 terro
1331 1273 1390 1322 sua

350 1386 510 1474 chemise,
538 1361 733 1470 'quamquem
767 1387 984 1474 temperatura
1024 1379 1103 1452 setis
1138 1379 1216 1455 levi
1237 1383 1388 1478 adhibito,

349 1509 455 1589 tomen
475 1538 550 1586 sese
573 1538 644 1585 oum
666 1515 755 1586 ferro
774 1520 984 1612 conjungere,
1011 1520 1237 1610 experimentis
1258 1521 1389 1591 edoctus

351 1677 422 1726 sum
452 1647 618 1743 repetitis)
652 1672 771 1740 eosque
803 1659 868 1720 tam
893 1675 1041 1746 crassas,
1058 1675 1062 1687 ’
1081 1660 1117 1724 ut
1141 1659 1213 1726 cavi
1236 1651 1388 1727 volumen

351 1789 489 1862 inferri
513 1807 638 1878 messe,
678 1808 740 1875 quo
766 1781 896 1878 pyxidis
922 1789 1061 1878 parietes
1092 1795 1185 1859 erunt
1209 1795 1387 1884 compositi,

268 1952 271 1957 ·
352 1931 450 1999 octies
488 1927 530 1994 sit
568 1927 759 1992 contentum.
812 1923 955 2013 Utroque
992 1924 1089 2012 pyxis
1121 1927 1167 1994 ito
1203 1932 1388 2017 comparatu

351 2062 429 2154 luit,
469 2064 505 2130 ut
536 2058 643 2128 valido
670 2053 789 2128 cloudi¹
804 2063 945 2151 posset,
964 2062 1106 2147 'quotuor
1130 2062 1257 2151 mugnis
1285 2061 1387 2131 coch-

350 2201 412 2298 leis
453 2196 617 2287 adhibitis,
657 2197 821 2284 operculo.
874 2181 1028 2264 Ceterum
1046 2189 1050 2198 '
1069 2198 1102 2262 et
1140 2194 1324 2284 operculum
1356 2200 1401 2264 et.

348 2334 478 2428 pyxidis
501 2327 698 2422 marginem,
721 2324 850 2398 'ubivse
875 2322 1012 2398 invicem
1037 2331 1228 2421 tetigerunt,
1266 2332 1387 2399 cotibus

347 2467 584 2542 socordissime
607 2457 750 2556 levig'ovi
775 2470 808 2534 et
831 2461 1050 2556 complanavi,
1083 2464 1115 2532 id
1141 2464 1224 2555 quod
1248 2467 1386 2534 maximo

350 2577 574 2698 dolore'meo,
601 2597 681 2670 ‘num
704 2603 786 2670 bene
810 2621 852 2668 cn
875 2601 960 2669 mule
984 2597 1103 2669 fectum
1125 2597 1240 2694 esset,
1258 2595 1385 2670 solum·

348 2741 443 2812 modo
477 2729 744 2828 decompositione
770 2731 841 2824 jorn
872 2735 944 2804 lere
976 2734 1064 2802 linito
1091 2738 1243 2828 cognosci
1273 2732 1386 2826 potuit,

350 2861 445 2967 quum
467 2873 671 2964 saepissime,
708 2865 760 2940 uli
791 2869 1021 2939 malefactum
1050 2855 1137 2964 eret,
1175 2873 1277 2939 omnis
1307 2891 1386 2937 curo

349 3005 422 3082 mes
446 3009 544 3078 luerit
571 3009 678 3098 irrito,
712 3007 875 3099 omnibus,
908 3026 989 3095 quse
1013 3005 1094 3096 ligni
1120 3003 1386 3095 decompositione

273 3203 276 3208 .
347 3145 502 3240 producta
527 3146 619 3210 erent
643 3140 740 3210 fluido
765 3127 797 3209 el
820 3161 941 3234 goseo,
969 3161 989 3208 e
1013 3137 1134 3230 pyxide
1160 3141 1283 3228 ejectis.
1374 3157 1378 3168 ·

370 3313 372 3321 ,
425 3281 568 3369 Utroque
586 3257 703 3370 pyxis,
729 3274 895 3368 postquem
918 3267 1010 3368 ligni
1028 3271 1211 3368 (Carpinus
1223 3267 1385 3368 Botulus)

348 3403 531 3512 lrog'mento
569 3411 729 3483 cavernae
760 3415 842 3481 lene
879 3403 1030 3506 sdeptsto
1048 3411 1190 3501 ¹repleto
1222 3415 1310 3504 erut,
1354 3413 1386 3478 in

350 3557 427 3646 igne
450 3527 511 3642 quo
534 3547 616 3617 istri
640 3547 767 3617 ferrarii
787 3537 927 3618 utuntur*
942 3548 1060 3639 posito,
1087 3539 1191 3618 et'ubi
1215 3545 1386 3615 ordosecre

348 3689 499 3778 coeperat
523 3684 629 3752 stetim
647 3681 729 3760 ,inde
754 3677 882 3752 remoto
902 3686 963 3753 est.
992 3671 1246 3772 'Experimento
1278 3673 1386 3749 entem

348 3823 476 3914 saepius
501 3803 637 3910 repetito
664 3819 789 3909 inveni,
831 3835 913 3906 quoe
937 3815 1209 3908 decompositiono
1231 3809 1387 3908 producto

345 3964 454 4032 essent
479 3975 582 4050 gesso
613 3958 645 4021 et
676 3952 813 4046 liquida,
854 3973 895 4021 eo
919 3971 983 4021 non
1017 3953 1124 4021 omnis
1148 3957 1274 4021 retento
1300 3971 1386 4044 esso,

345 4099 418 4190 quin
457 4083 521 4162 imo
559 4093 715 4179 majorem
758 4108 870 4158 eorum
909 4093 1034 4177 portem
1072 4088 1201 4156 obiisse.
1254 4073 1386 4158 Pressio
